2572 4770
449 384 800 457 ...η-.-

86 554 262 643 ingenium
277 568 314 624 et
328 556 479 627 doctrina
502 555 586 625 tulit.
635 558 706 625 Iam
724 556 936 647 perspicuum
953 562 1012 647 etl,
1031 558 1153 643 {rubra

89 682 154 724 noe
173 680 341 747 quaerere
351 658 393 725 de
411 662 539 729 nostrae
551 657 624 727 veri
639 661 784 727 nominis
803 662 993 731 conditore.-
1031 665 1154 753 Neque

88 760 181 827 enim
200 761 230 827 ie
248 764 293 829 eb
310 766 438 829 nostrae
457 761 625 843 conditor,
647 764 704 851 qui
726 761 1040 837 catechumenorum
1057 768 1153 837 illam

87 862 238 929 scholam
259 862 420 947 condidit,
442 876 556 953 'neque
573 862 601 931 is
621 878 712 933 carto
728 863 844 931 heberi
863 868 979 955 potest,
1002 868 1060 957 qui
1079 870 1152 959 pri·

89 986 166 1031 mus
192 968 252 1041 est.
288 966 384 1035 cuius
404 966 595 1055 dignitatem
616 966 849 1034 catecheticam
870 980 983 1055 patres
1006 970 1155 1039 tradide-

90 1078 188 1147 runt,
217 1067 414 1156 praesertim
434 1090 514 1136 eum
533 1090 634 1135 nemo
650 1081 932 1159 patrumnomen
958 1072 1153 1141 condito·
1224 1072 1229 1083 “

88 1168 147 1235 ris
169 1160 305 1238 lcbclae
322 1174 451 1241 nostrae
470 1171 664 1261 prodiderit.
714 1172 918 1260 Quaerimus
932 1172 1050 1259 igitur,
1082 1176 1154 1261 quis

89 1269 240 1359 primum
253 1272 325 1341 eina
336 1274 452 1341 lumen
466 1278 519 1356 tir,
544 1294 565 1339 a
583 1296 650 1363 quo
669 1275 916 1341 cstccltetarum
932 1276 1049 1344 scriem
1070 1276 1158 1343 iuci-

88 1396 171 1463 pere
183 1375 293 1443 liceat.
342 1374 455 1447 Antea
473 1389 587 1443 autem
602 1376 823 1464 disquiramus
844 1377 886 1443 de
904 1374 1075 1445 nonnullis
1091 1402 1154 1467 pa-

89 1488 181 1543 trum
200 1476 302 1560 loeis,
339 1478 400 1544 ubi
429 1478 477 1545 de
503 1476 641 1547 aetate
663 1478 838 1547 scholae
860 1478 1154 1549 catechetiose

89 1580 291 1646 univ'erle
322 1580 440 1668 agitur.
496 1579 659 1650 Eusebius
685 1582 837 1669 quidem,
865 1583 1037 1650 Panteeno
1061 1597 1153 1651 cate-

87 1678 188 1749 ebeta
203 1682 393 1775 nominato,
418 1681 497 1750 dicit
519 1682 576 1763 (b.
596 1707 625 1749 e.
643 1683 694 1767 V,
720 1685 802 1763 ro)=
828 1679 882 1774 Ἐξ
902 1680 1042 1773 donaba
1056 1676 1153 1761 ἔθους

87 1776 305 1851 bromstede
324 1783 390 1852 eds
410 1784 499 1876 ἱερὸν
518 1777 624 1868 λέγων
641 1777 717 1875 παρ’
734 1780 843 1862 αὐτοῖς
867 1786 1150 1868 (Alexandrinis)

87 1882 310 1964 rusme'iue,
338 1877 358 1953 d
380 1880 435 1953 uel
454 1880 498 1963 εἷς
516 1885 601 1975 ἠμῖς
621 1883 859 1976 sarmatam.
909 1891 1166 1978 Interpretatur·¹

86 1986 177 2053 leaeo
191 1986 292 2055 verbe
304 1989 537 2077 Hieronymus
549 1986 688 2075 catalog.
706 1987 806 2073 cdli.
825 2014 859 2079 p.
872 2012 939 2077 107
961 1992 1010 2055 his
1026 1990 1152 2058 verbine

87 2090 325 2177 „rannessa
349 2091 465 2158 stoicae
482 2090 590 2155 lectae
606 2086 843 2177 philosophus,
864 2090 960 2155 iuxta
983 2092 1152 2177 quandam

87 2198 241 2281 veterem
270 2186 307 2259 in
332 2190 542 2261 Alexandria
573 2190 863 2274 consuetudinem,
900 2190 958 2256 nbi
987 2213 1011 2256 a·
1032 2194 1152 2259 Marco

57 2292 285 2382 ”evangelius
316 2292 447 2384 lemper
482 2284 683 2361 eroleuastici
711 2290 809 2361 luere
835 2294 1005 2381 doctores,
1042 2307 1153 2363 tantae
1260 2328 1264 2337 ¹

86 2396 288 2487 prudentiae
298 2406 331 2465 et
343 2396 554 2475 eruditionis,
571 2394 688 2463 tamin
702 2392 872 2484 scripturis
887 2396 1024 2480 divinis,
1048 2384 1153 2485 qdam

86 2501 126 2566 in
143 2498 305 2567 saeculari
320 2496 612 2567 litterasuefuief⁴
623 2491 680 2583 ¹⁷),
705 2512 766 2565 cet.
822 2502 878 2567 Ex
900 2522 969 2586 quo
988 2520 1153 2589 apparere

87 2596 170 2671 lunt
181 2603 240 2693 qui
252 2614 387 2693 putent,
409 2592 659 2690 Hieronymum
684 2599 737 2677 (et
750 2603 851 2689 paulo
867 2600 1038 2669 obscurius
1051 2603 1151 2669 etiem
1247 2620 1251 2627 “

88 2705 297 2784 Eusebium)
318 2702 418 2771 huius
442 2704 575 2771 lcbolae
601 2716 715 2771 ortum
741 2704 782 2769 ad
806 2706 964 2772 Marsum
983 2706 1153 2791 evangeli-

90 2811 169 2875 lbtm
185 2794 330 2875 referre.
342 2878 360 2907 ι
373 2804 494 2888 Hanc,
521 2826 624 2894 quarn
645 2803 843 2894 opinantur,
872 2802 1074 2895 Hieronymi
1093 2828 1152 2883 au·

90 2911 286 2981 etorintem'
298 2908 342 2975 de
357 2898 493 2991 Marco,
523 2909 633 2997 primo
652 2908 782 2975 scholae
803 2908 1021 2979 catecheticae
1035 2907 1153 2976 condi-

91 3022 183 3097 tore,
201 3006 389 3102 lequtmtut·
407 3012 611 3081 recentiores
625 3011 824 3101 Comingius
835 3006 989 3113 ¹(quaed.
1002 3012 1151 3077 academ.

134 3234 199 3317 17)
218 3232 431 3321 Hieronymus
443 3236 492 3303 bis
503 3238 606 3307 verbis
618 3238 729 3303 diserte
741 3236 865 3319 quidem
880 3256 944 3297 non
958 3234 1049 3311 dicit,
1069 3210 1151 3298 Prin-

195 3330 321 3385 henmn
333 3325 452 3388 scholae
466 3327 671 3397 estecbeticse
684 3324 859 3406 praemitte,
877 3323 928 3385 led
941 3322 973 3381 id
986 3324 1152 3402 siguificare
1260 3386 1263 3395 ,

196 3404 300 3493 potuit
318 3408 422 3473 verbis
447 3452 465 3487 ‚,
472 3410 559 3475 iuxta
578 3409 728 3493 quandam
750 3418 887 3473 veterem
907 3408 941 3467 in
964 3408 1153 3469 Alexandria

196 3492 447 3581 consuetudinem
462 3502 566 3559 nune
584 3494 766 3577 prudentiae
784 3502 816 3554 ct
834 3492 1015 3561 eruditionis
1036 3504 1097 3554 tam
1118 3491 1151 3549 in

165 3600 173 3609 ·
196 3574 355 3661 seripturis
378 3580 507 3659 divinis,
543 3580 634 3663 quem
654 3578 687 3643 in
710 3578 857 3643 saeculari
876 3578 1050 3639 litteratura
1066 3576 1151 3637 luit“

198 3662 243 3739 (i.
262 3682 290 3724 e.
320 3686 398 3747 quac
427 3662 517 3728 etiam
546 3668 647 3728 nostro
673 3676 812 3745 tempore
830 3662 1037 3745 Almandnae
1056 3660 1150 3719 -in
1205 3702 1212 3715 .

190 3746 359 3809 mactetis
378 3780 423 3795 -·
441 3748 577 3813 inveniri
595 3750 688 3822 folet,
717 3772 753 3810 ea
771 3750 833 3810 iem
851 3750 885 3809 in
904 3750 1059 3809 Pantaeno
1076 3744 1152 3805 Ale-
1200 3784 1203 3789 >

194 3832 348 3896 xandrino
361 3834 520 3917 conspicue
534 3838 595 3899 fuit
610 3834 729 3919 egregia
741 3834 916 3897 divinarum
930 3832 1152 3893 humansrum-

195 3934 374 3999 quererum
387 3922 538 4001 scientis).
577 3918 620 3995 Et
640 3942 704 3983 non
723 3920 821 3983 solum
843 3916 961 4001 potuit,
988 3914 1039 3975 led
1057 3918 1151 3975 etiam

194 4000 314 4079 Voluit,
342 4007 377 4067 id
398 4008 480 4087 quod
500 4030 541 4068 ex
560 4028 599 4067 eo
619 4006 655 4066 fit
678 4006 884 4089 perspicuum,
917 4000 1000 4081 quod
1021 4004 1151 4081 cape38.

193 4086 340 4149 Pmueni
352 4092 574 4171 praefecturam
590 4092 737 4173 cognitam
749 4100 841 4169 atque
851 4086 1036 4169 perspectam
1050 4086 1151 4156 sumit,

195 4170 286 4233 dun:
306 4174 503 4252 ,‚Clemcns“,
523 4179 576 4252 eit,
596 4220 605 4255 ,
606 4217 680 4253 .....
694 4176 848 4247 Pantaeni,
870 4174 981 4251 dequo
994 4172 1084 4253 lupra
1096 4190 1150 4229 re-

194 4254 338 4333 tanum,
358 4259 497 4337 auditor,
515 4266 580 4343 post
595 4256 660 4322 eius
679 4270 809 4321 mortem
827 4256 1034 4320 Alexandrino
1050 4256 1152 4313 ecete-

193 4342 333 4411 hffiwu
350 4344 483 4409 sobolem
502 4349 607 4411 tenuit
626 4356 657 4410 et
676 4336 869 4421 κατηχήσω
887 4342 1023 4425 member
1040 4340 1132 4407 tait-‘⁴
