2572 4770
540 223 713 323 *Somr'nm
818 241 846 273 ·=
905 324 918 343 ‚
1104 235 1184 307 389

63 399 183 465 itidem
197 403 350 479 statuere,
369 418 465 484 quani
479 399 584 463 siliunt
602 403 683 488 paui
698 394 857 484 ἀνόμοιον
869 399 975 468 dicere
987 405 1180 484 maluerunt,

67 503 208 587 ideoque
220 503 346 588 (suapte
361 501 491 587 quidem
505 504 677 565 constantia
693 506 823 588 acieque
838 502 1020 584 dialectica)
1035 503 1178 583 doctrino

66 606 217 667 ecclesiae
251 600 456 673 occidentalis
491 602 531 665 de
563 604 772 666 orientalibus
811 596 935 689 placitis
969 608 1178 692 triumphavit

67 703 205 783 (Neand.
232 701 369 783 Antign.
397 727 430 789 p.
450 707 536 783 482).
591 703 698 767 litiani
719 703 880 787 Didymus
907 709 1067 771 catechela
1090 705 1177 777 Aloe

67 803 243 866 xundrinus
257 805 295 863 ab
309 803 476 867 Athanasii
491 804 631 889 partibus
644 797 737 871 stetit.
845 825 850 834 '

148 904 199 971 De
220 906 236 965 s
240 903 365 991 piritu
388 903 522 965 sancto
543 900 703 985 doctrina,
734 917 890 993 quatenus
908 904 1066 969 advitam
1085 906 1175 971 utilis
1264 966 1265 970 ,

64 1005 126 1081 eit,
165 1016 239 1065 turn¹
261 1005 300 1065 ab
322 1000 585 1083 occidentalibus,
620 1010 750 1070 tumah
772 1006 1004 1080 Alexandrinis
1029 1009 1174 1092 patribus
1248 1072 1273 1083 ,,

59 1106 177 1182 (etiarn
198 1104 414 1176 aClernente,
442 1125 636 1190 quamquam
655 1104 741 1191 apud
759 1109 861 1191 ipsum
880 1109 971 1193 plora
994 1109 1054 1168 hac
1076 1105 1117 1168 de
1138 1126 1173 1169 re

10 1227 13 1232 ·
61 1200 300 1282 desiderentur)¹
321 1204 548 1287 proferebatur.
599 1200 750 1269 irenaeus
767 1208 825 1271 sihi
839 1211 983 1275 constans
997 1207 1032 1271 id
1047 1219 1172 1269 tanturn

62 1303 104 1366 de
120 1305 228 1389 spiritu
243 1305 349 1365 sancto
368 1303 490 1365 obtinet
512 1305 568 1383 (cs.
587 1304 641 1369 lib.
654 1305 714 1386 lv,
729 1312 812 1388 83),'
831 1307 917 1396 quod
936 1307 978 1372 ad
994 1308 1171 1371 institutio—

60 1427 137 1471 nem
158 1406 243 1467 vitae
256 1425 332 1467 vere
348 1405 534 1469 christianae
544 1390 680 1490 spectet.
731 1409 956 1490 Athenagoras
975 1420 1008 1471 et
1021 1407 1171 1472 Clemens

59 1508 152 1586 (licut
172 1504 404 1584 Tertullianus,
440 1506 498 1568 cui.
517 1509 646 1592 spiritus
671 1512 793 1585 sanctos
821 1512 867 1571 eil
888 1508 1032 1589 „gradus
1058 1509 1170 1570 tertius

59 1607 232 1669 trinitatis''
253 1605 325 1673 adv,
343 1606 436 1671 Prax.
460 1630 485 1669 c.
500 1614 549 1687 4.,
579 1611 619 1673 cs
643 1633 670 1674 c.
688 1614 735 1690 8.)
756 1610 853 1673 eliam
874 1610 1081 1675 theoreticam
1100 1609 1169 1673 hu-.

56 1710 108 1787 jus
135 1706 292 1788 dogmatis
318 1720 442 1793 partem
468 1720 619 1788 tangunt,
653 1711 706 1773 sed
732 1711 887 1790 ambiguis
912 1724 1046 1795 uterque
1068 1707 1168 1769 utitur

57 1810 175 1873 verbis.
232 1808 406 1876 Clarissima
438 1808 595 1888 Origenes
622 1813 823 1895 (repugnans
851 1812 949 1890 igitur
976 1808 1167 1883 sabellianis

13 1992 18 2001 ἢ
54 1909 275 1994 opinionibus)
299 1911 466 1993 personam
492 1909 635 1973 divinam
662 1914 808 1997 spiritum
832 1911 973 1972 sanctum
993 1913 1056 1972 esse
1077 1909 1163 1986 dicu,

54 2008 321 2092 gruduveroeum
335 2010 402 2071 lilio
412 2010 569 2102 minorem
580 2013 713 2099 <quippe
723 2005 1161 2095 ycvpcdvapntrepersrliunr
1264 2028 1268 2034 ·

52 2107 311 2196 pendentemque
331 2130 349 2173 u
371 2114 472 2192 lilio),
505 2115 654 2176 omnibus
676 2124 783 2173 tamen
804 2111 863 2173 filii
885 2110 1035 2175 creaturis
1057 2112 1162 2171 subli-

51 2209 198 2275 miorem.
244 2210 353 2275 ¹Idem
372 2213 496 2278 Pierius
521 2225 555 2278 et
576 2210 797 2292 Theognostus
822 2212 971 2274 censuisse
997 2213 1167 2289 sertrnturg.

50 2309 226 2393 Dionysius
248 2323 357 2373 autem
384 2313 520 2377 eandem
547 2335 644 2400 quam
667 2314 750 2398 patri
773 2313 905 2397 filioque
925 2323 1071 2373 naturam
1092 2311 1161 2395 spi-.

49 2410 126 2475 ritui
137 2408 264 2473 videtur
277 2413 432 2492 tribuisse,
453 2413 488 2477 id
502 2412 695 2501 quodArius
708 2413 845 2493 negavit.
887 2410 1170 2494 Arianisdernum¹
1185 2459 1189 2467 .
1208 2494 1215 2511 ι

47 2511 115 2574 istis
127 2513 348 2577 controversiis
359 2550 402 2561 -
416 2514 777 2581 contmblacedonianos
794 2546 832 2559 -
847 2511 955 2573 stabile
969 2509 1089 2596 aliquid
1099 2512 1158 2573 hac
1214 2520 1217 2527 '

46 2610 83 2675 in
102 2608 244 2675 doctrina
259 2611 503 2696 decernebatur,
528 2617 659 2701 istisque
672 2614 796 2702 placitis
808 2613 1034 2675 convenienter
1050 2609 1158 2691 Didyq

46 2717 121 2775 ritus
138 2713 283 2798 spiritum
301 2698 442 2779 sonetum
462 2719 545 2802 patri
566 2721 698 2802 filioque
720 2706 901 2795 ὃμοούσιον
921 2714 984 2773 esse
1008 2715 1057 2790 (et
1076 2722 1174 2797 pro-0*

44 2810 213 2877 cedentem
228 2833 305 2879 eum
319 2815 450 2900 quidem
464 2817 505 2879 de
518 2830 607 2901 patre
621 2818 706 2877 mitti
720 2837 738 2877 a
752 2814 835 2892 silio)
852 2811 944 2873 dixit.

100 2976 104 2983 ,
126 2913 169 2985 ln
189 2911 331 2978 doctrina
352 2915 399 2979 de
420 2918 584 2996 angelis
607 2926 644 2976 et
664 2911 949 2989 daemonibus,
978 2931 1060 2994 quae
1075 2913 1153 2995 qui·-

44 3012 121 3081 dem
133 3036 199 3077 non
212 3017 257 3077 est
270 3036 288 3077 a
302 3017 488 3077 christianae
500 3017 665 3096 religionis
679 3013 971 3076 fundamentalibus
984 3011 1152 3097 pruneriis,

42 3110 1154 3199 derebusgravioribusnostriconsentiunt(nequeaboccidentelisee-

30 3212 1153 3302 -cleheepatribusitadissentiunt‚ututrorumquelingulasdiscrepan-

41 3322 104 3385 tias
112 3303 294 3403 comparare
303 3339 419 3402 operae
427 3320 563 3402 pretium
573 3320 635 3399 sit).
663 3319 787 3382 Omnes
799 3316 1049 3396 nostriangelos,
1064 3315 1150 3377 band

39 3422 166 3509 prorsus
177 3420 396 3503 incorporeos,
416 3421 516 3481 libero
532 3418 674 3504 praedito
689 3419 750 3480 esse
763 3416 891 3479 arbitrio
906 3422 1049 3495 censcnt;
1070 3420 1151 3480 alios

38 3534 149 3589 autern
163 3524 246 3583 bene
262 3519 319 3579 illo
334 3519 406 3580 usos
419 3521 482 3581 esse
496 3523 542 3598 (et
557 3540 599 3581 ne
609 3522 670 3582 hos
683 3517 814 3604 quidem
830 3519 934 3582 omnis
946 3519 1015 3580 vitii
1029 3538 1151 3601 exper-

38 3636 88 3689 tes
112 3625 176 3686 esse
196 3620 353 3699 Origenes
372 3641 444 3681 cum
467 3619 609 3700 Didymo
631 3623 751 3706 putat),
784 3618 864 3682 alios
882 3639 980 3697 vero,
1013 3638 1149 3702 qnorum

37 3726 188 3811 princeps
208 3721 247 3783 fit
265 3716 426 3798 diabolus,
456 3720 601 3783 libertate
619 3724 748 3800 abusos,
771 3719 1059 3783 excommunione
1074 3739 1149 3781 cum

37 3824 112 3889 Deo
132 3826 195 3886 else
215 3822 319 3906 lapsos
340 3823 467 3897 (omncs
485 3823 575 3885 enirn
593 3823 689 3885 nostri
708 3823 743 3885 in
764 3819 1033 3895 eoconveniunt,
1061 3817 1147 3903 quod

36 3922 250 4006 gnosticorum
270 3922 413 3999 syrorum
434 3922 520 3986 sensa
540 3921 580 3985 de
598 3936 728 3986 aeterno
748 3914 900 3986 rn'ateriae
919 3922 1060 4006 principe
1078 3922 1147 3981 inr-

37 4024 192 4113 prohhnt,
221 4035 253 4085 et
268 4020 430 4102 Didymus
442 4024 608 4107 separatim
625 4023 788 4089 diabolum
805 4046 868 4087 non
889 4024 952 4115 csse
969 4022 1146 4101 ingenitum

36 4125 152 4195 multis
170 4136 278 4189 eontra
294 4123 499 4189 Manichacus
520 4123 701 4207 ostendit)r‚·
727 4126 806 4192 Illos
825 4130 922 4211 (quos
937 4123 1096 4207 Didymus
1114 4137 1147 4188 et
1219 4178 1224 4187 ,
