2572 4770
536 224 706 345 Oripmea
882 360 885 367 Ι
1125 256 1176 325 ss

59 428 239 503 bornxss.
251 429 370 497 inLuc.
387 432 452 496 vol.
465 430 526 513 ΙΠ,
540 442 601 501 945
614 435 670 498 sub
682 435 868 521 pastoribus,
883 433 999 520 quihus
1014 426 1178 515 (Lchl)

60 546 151 599 ortua
168 533 284 603 Christi
297 536 336 630 pb
351 535 465 615 angelo
481 537 691 599 annunciatus
706 537 768 614 est,
793 558 835 599 ex
852 537 1035 600 '’sacratiori
1050 536 1179 599 intelli·-

60 637 202 717 gentia„
221 638 352 713 angelos
365 638 534 716 intelligit,
563 649 667 698 terrae
683 635 836 699 custodes.
883 635 938 699 Ad
952 635 1032 700 Luc.
1044 634 1107 713 Ill,
1125 649 1175 705 tr.

59 737 155 799 hom.
167 733 293 798 XXIII.
314 739 349 799 in
369 737 448 802 Luc.
472 738 536 800 vol.
551 736 610 815 III,
626 751 686 804 960
705 738 784 799 haec
805 739 901 800 verba
919 738 1011 800 facit:
1032 738 1177 802 '’Hocot

61 841 156 917 juxta
170 836 344 922 simplicem
359 838 605 918 intelligentiam
626 837 718 899 docet
735 840 920 923 publicanos
941 840 1023 901 nihil
1037 839 1177 925 amplius

62 958 235 1025 quaerere,
254 959 349 1023 quam
364 940 397 999 io
411 940 481 1018 lege
496 952 701 1025 praeceptum
716 941 771 1002 est.
814 939 924 1004 Nescio
936 953 1043 1002 antem
1055 953 1176 1021 utrum,-

59 1054 99 1104 ut
125 1038 304 1103 secundum
328 1030 513 1124 ἀναγωγὴν,
549 1040 636 1102 aliud
663 1039 815 1125 quiddam
843 1041 1051 1104 excellentius
1072 1044 1177 1109 sermo

59 1142 226 1222 significet.
242 1189 277 1205 ..
327 1141 409 1206 cum
435 1143 609 1204 exierimus
634 1143 796 1219 aleculo,
830 1154 863 1203 et
884 1142 962 1203 haec
986 1136 1052 1203 ‘vita
1071 1144 1178 1207 notor

59 1244 161 1307 fuerit
173 1255 382 1322 commutata,
398 1257 490 1305 erunt
504 1242 633 1329 quidam
646 1242 680 1303 in
695 1243 811 1305 sinibus
824 1240 939 1304 mundi
955 1241 1102 1306 sedentes
1112 1260 1179 1307 ro-

60 1344 112 1407 lut
134 1347 376 1429 publicanorum
399 1342 502 1405 officio
523 1345 755 1424 diligentissune
775 1345 1023 1428 perscrutantes,
1044 1340 1179 1430 nequid

61 1443 112 1507 sui
133 1444 167 1506 in
189 1446 281 1506 nobis
300 1447 475 1509 inveniant.
533 1443 672 1507 Videtur
694 1446 775 1506 milri
800 1447 948 1530 princeps
965 1446 1061 1507 seculi
1080 1446 1178 1525 hujus

63 1546 154 1628 quasi
173 1547 362 1630 publicanus
381 1550 484 1625 esse„
534 1545 658 1610 Comm.
678 1547 711 1606 in
723 1546 796 1608 Joh.
809 1547 872 1607 vol.
887 1544 945 1624 IV,
963 1559 1021 1612 185
1034 1549 1098 1634 sqq.
1113 1560 1177 1617 27⁰

61 1644 363 1727 dubitatOrigenes,
377 1650 482 1710 locum
496 1647 614 1711 deJesu
623 1660 812 1709 mercatores
821 1661 852 1711 et
866 1661 1026 1732 emptores
1034 1670 1076 1711 ex
1089 1663 1178 1714 tem-

61 1750 120 1835 plo
133 1750 318 1833 expellente
330 1747 368 1810 ad
383 1750 525 1826 literam,
546 1771 587 1812 an
600 1749 780 1835 spiritaliter
792 1751 1025 1834 interpretetur.
1068 1751 1178 1817 Vide-

62 1862 116 1913 tur
134 1861 245 1913 tamen
266 1852 468 1931 allegoricam
486 1853 784 1937 interpretationem
800 1853 975 1933 praeferre,
1003 1865 1035 1914 et
1053 1855 1177 1939 optioni

64 1947 121 2014 dat
138 1948 315 2037 duplicem:
345 1952 415 2016 Aut
434 1953 591 2036 templum
611 1952 656 2012 est
670 1951 797 2012 ecclelia
813 1951 995 2031 christiana,
1015 1968 1179 2019 rnercato-

61 2073 116 2117 rea
138 2064 171 2115 ot
190 2065 350 2138 emptores
364 2056 436 2114 lunt
455 2052 604 2114 homines
619 2051 706 2112 avari
717 2052 764 2113 sui
780 2052 1000 2115 tantummodo
1016 2057 1095 2116 lucri
1107 2058 1179 2117 stu-

64 2150 164 2231 diosi;
194 2167 248 2215 aut
270 2156 425 2239 templum
445 2156 490 2216 en
513 2153 636 2229 anima,
665 2173 746 2237 quae
758 2153 872 2215 rationi
888 2156 993 2238 pares,
1016 2174 1179 2242 quamquo

62 2253 156 2319 Jesoa
169 2274 188 2315 a
202 2254 304 2318 stultis
317 2255 514 2340 impurisque
528 2254 692 2316 affectibus
706 2255 829 2320 liberat.
866 2254 939 2318 Jam
950 2257 1022 2318 satis
1030 2269 1179 2347 papparet,

64 2353 230 2444 quomodo
249 2355 334 2440 apud
347 2355 520 2435 Origenem
540 2357 630 2417 litera
649 2356 769 2439 spiritui
788 2356 960 2435 serviant).
1002 2355 1181 2422 Alianou·
1279 2382 1282 2387 ·

64 2458 156 2520 nulla
169 2462 337 2541 exempla,
359 2459 461 2543 qualia
476 2458 594 2542 ubique
616 2458 801 2542 scriptorum
824 2454 975 2536 Origenis
993 2459 1179 2539 exegetica-'-

64 2579 159 2629 mm,
187 2560 354 2646 praecipue
377 2558 418 2621 ad
429 2560 472 2622 V.
486 2558 523 2622 T.
545 2559 791 2642 pertinentium,
819 2559 914 2619 obvia
931 2562 1017 2637 sunt,
1051 2560 1180 2641 collegis

66 2657 275 2725 Staeudlinus
310 2658 342 2722 S.
371 2660 411 2723 V.
440 2657 626 2723 Geschichte
660 2657 717 2720 der
733 2657 939 2733 ,Sittanlehre
970 2659 1043 2723 Jeso
1071 2658 1107 2724 P.
1135 2656 1178 2726 Π.

66 2763 280 2939 Μῖἔὲιῖθῑ,
319 2872 354 2921 ut
383 2858 707 2923 animadversionibus
731 2857 922 2945 quibusdam
950 2862 1181 2925 universalibus

71 2966 286 3052 quaestionem
299 2960 338 3024 de
346 2960 486 3041 Origene
500 2963 710 3024 hermeneum
724 2959 960 3026 concludamus.
993 2959 1181 3027 Dummodo

72 3118 276 3141 μ

104 3229 131 3301 θ)
150 3229 197 3282 De
213 3225 378 3279 Cantico
393 3226 599 3279 Canticoru
608 3242 638 3276 nr
660 3223 802 3289 judicium
817 3225 886 3279 tulit
901 3227 1014 3298 Prolog.
1034 3229 1072 3283 ad
1093 3229 1181 3290 Cant.

139 3313 225 3365 Cant.
234 3310 290 3362 vol.
300 3311 395 3378 111,26
410 3310 454 3362 bis
468 3312 577 3363 verbis:
596 3309 848 3377 ”Epithalamium
862 3311 975 3365 libellus
989 3314 1050 3382 bio,
1065 3315 1183 3371 iamt·

135 3397 229 3468 ptiala
240 3413 367 3463 carmen,
382 3396 523 3448 dramatis
532 3398 561 3447 in
576 3395 695 3446 modum
704 3395 775 3447 mihi
787 3396 900 3448 videtur
912 3415 929 3449 a
938 3399 1094 3453 Salomone
1107 3416 1182 3453 con·

138 3484 281 3553 scriptur,
302 3500 387 3553 quern
404 3484 511 3536 cecinit
524 3484 612 3535 instar
627 3483 763 3536 nubentis
779 3483 899 3552 sponsae
917 3495 947 3539 et
961 3504 1031 3558 erga
1046 3489 1184 3557 sponsum

136 3575 240 3638 suum,
260 3575 310 3642 qui
326 3573 364 3624 cll
377 3576 471 3627 sermo
484 3572 557 3640 Dei,
585 3572 700 3623 coelesti
713 3587 810 3624 amore
824 3572 986 3642 flagrantia.
1030 3574 1185 3627 Adamarr't

138 3658 219 3713 onim
237 3676 322 3723 eum,
348 3656 406 3710 sive
424 3661 540 3723 anima,
568 3674 641 3728 quae
656 3657 692 3709 sd
706 3658 863 3729 imaginem
878 3662 940 3727 ejus
954 3662 1033 3715 sacta
1049 3665 1104 3731 cll,
1124 3661 1184 3717 lira

138 3744 271 3800 aeclesia.
314 3744 370 3796 Sed
390 3755 418 3796 et
438 3742 613 3815 magnificus
634 3742 683 3796 hic
707 3744 874 3816 ipse¹atque
893 3749 1039 3816 perfectus
1055 3749 1184 3821 sponsus,

140 3833 247 3906 quibua
261 3832 354 3884 verbis
370 3834 435 3887 usus
451 3831 487 3885 fit
499 3833 535 3883 ad
551 3832 736 3897 conjunctam
754 3829 806 3884 fibi
820 3834 951 3887 animam
962 3835 1007 3885 vel
1022 3832 1186 3909 ecetesiam,

139 3919 214 3973 baec
231 3920 294 3988 ipsa
316 3918 458 3986 scriptura
477 3934 528 3969 nos
547 3917 643 3970 donet.
686 3916 805 3970 Sodalea
821 3935 936 3989 quoque
953 3919 1071 3987 sponsae
1083 3920 1183 3975 adola-

135 4006 291 4060 Icentusaa
305 4021 372 4057 cum
389 4003 450 4072 ipsa
467 4005 568 4072 sponsa
579 4002 686 4072 politae
702 4020 776 4072 quae
791 4005 930 4066 dixerint,
947 4021 1079 4076 quaeque
1092 4008 1184 4065 auara

139 4097 232 4150 amici
245 4111 281 4147 ac
296 4092 409 4146 sodales
424 4092 532 4162 sponsi,
551 4108 585 4143 ex
599 4088 702 4143 eodem
716 4090 907 4144 nibilominua
921 4089 1014 4161 libro,
1040 4094 1091 4164 qui
1105 4092 1182 4151 cn.

140 4183 237 4237 ticum
253 4180 444 4233 Canticorurn
459 4178 646 4248 attitulatur,
662 4179 902 4250 cognoscimua.„
