2572 4770
124 272 199 349 ⁸22
449 248 538 339 Gap.
563 246 634 315 ΙΙΙ.
685 242 916 336 Dogmottcu.
1040 320 1043 325 Ι

126 457 278 522 magnam
293 429 466 497 efficaciam
475 432 516 495 ab
528 449 568 493 eo
577 425 684 506 trihus,
697 423 803 506 colligi
815 423 889 487 licet
897 438 990 486 exeo
999 416 1099 498 dicto,
1112 412 1241 504 quodi·

124 530 600 623 Anthropologiatradidimun.
893 530 896 535 '

213 639 287 718 Eis,
326 634 383 721 qui
411 636 451 697 eh
482 629 651 699 haereticis
678 624 721 693 ad
748 624 912 690 ecclesiam
931 622 1092 702 redirent,
1124 626 1160 702 (e
1186 640 1242 685 re-

128 746 206 837 gulo
217 739 387 817 Heracleo)
408 753 610 820 nequaquem
630 732 744 795 iterato
758 728 930 810 Dionysiae
949 726 1152 789 existimabat
1170 724 1241 787 ha·

130 846 326 936 ptinmate
348 857 428 922 opus
443 838 506 897 eise
519 837 585 919 (ap.
598 833 671 896 Eos.
685 833 719 895 h.
732 851 762 895 e.
774 828 850 908 VH,
867 831 918 908 7),
945 828 1051 909 sijam
1065 837 1162 889 antea
1180 844 1241 886 ve-

126 968 188 1027 pna
209 941 357 1008 ecclesiae
377 937 528 1024 baptismi
547 933 718 1022 participes
741 930 819 995 sacti
842 931 950 992 essent.
1008 927 1059 991 De
1089 926 1157 1005 ein,
1190 922 1241 1010 qui

129 1050 216 1127 galea
231 1043 308 1107 facti
327 1061 393 1103 non
411 1049 518 1101 erant:
552 1035 751 1117 „Itevera”,
784 1031 830 1095 nit
849 1029 936 1118 apud
947 1028 1020 1093 Eut.
1034 1032 1069 1092 h.
1077 1049 1111 1091 e.
1123 1026 1201 1106 Vll,
1214 1038 1239 1107 5,

75 1204 78 1209 .
130 1151 199 1235 „in
211 1141 381 1218 maximia,
394 1151 431 1202 ut
443 1137 558 1217 audio,
573 1139 792 1225 episcoporum
802 1134 943 1205 conciliis
953 1131 1118 1197 decretum
1130 1130 1187 1208 est,
1198 1140 1238 1207 nt,

134 1248 191 1337 qui
204 1249 243 1310 ab
255 1241 423 1307 haereticis
437 1238 478 1302 ad
490 1234 838 1316 ecclefiam'nccednnt,
867 1236 1008 1322 primum
1025 1229 1240 1295 catechumeni

130 1328 269 1425 tierent,
295 1364 331 1405 oc
351 1338 468 1403 deinde
485 1341 604 1405 veterio
616 1352 649 1403 et
660 1340 780 1424 impuri
793 1338 943 1401 fermenti
955 1334 1100 1400 sordibus
1116 1356 1175 1420 pet
1186 1338 1240 1397 ha·

132 1449 291 1539 ptiamum
315 1442 564 1528 purgarentur.”
617 1441 733 1528 Neque
755 1440 822 1527 ipse
843 1449 952 1501 umen
974 1438 1174 1500 haereticum
1193 1440 1241 1499 sa·

129 1546 242 1617 cundo
263 1543 422 1630 baptismo
444 1542 570 1605 initiare
589 1540 736 1607 audebat
783 1540 918 1603 Enarrat
937 1536 1025 1602 enim
1044 1536 1133 1622 apud
1146 1538 1240 1601 Euso-

133 1650 227 1719 bium
240 1647 274 1709 h.
291 1665 321 1708 e.
333 1641 409 1722 VII,
425 1655 443 1709 9
457 1645 589 1708 haecce:
616 1641 787 1724 „Quidam
808 1662 851 1707 ex
867 1641 1033 1716 iratribus,
1060 1640 1118 1725 qui
1138 1638 1178 1703 ad
1190 1661 1241 1703 ec-

130 1749 264 1814 clesiam
286 1745 497 1823 conveniunt,
527 1744 719 1831 jampridem
745 1764 803 1829 pro
830 1740 922 1804 fideli
944 1740 1091 1820 habitan,
1131 1753 1166 1805 et
1191 1740 1240 1828 qui

133 1860 333 1915 autemeam
346 1844 597 1926 ordinationem,
624 1845 708 1910 ocni
722 1846 819 1908 fallor
830 1855 906 1905 ante
920 1841 1017 1927 ipsiun
1033 1864 1164 1929 quoque
1175 1842 1240 1905 lde-

135 1952 241 2027 raclae
253 1949 485 2035 episcopatum,
505 1959 615 2012 coetua
627 1946 774 2011 fidelium
789 1943 946 2029 particeps
959 1943 1082 2023 suerat,
1107 1966 1179 2006 cunr
1190 1944 1241 2007 in-

130 2052 293 2119 ¹latrinisset
317 2047 475 2133 baptismo
497 2067 627 2128 eorum,
655 2048 712 2134 qui
733 2066 837 2134 nuper
854 2046 1116 2131 baptizabantur,
1146 2047 1240 2109 etin-

135 2153 369 2234 terrogationan
392 2150 601 2235 responsaque
627 2149 760 2211 illomm
785 2146 947 2225 audiisset,
981 2142 1101 2211 adme
1126 2147 1240 2215 accessit

133 2255 221 2321 flens
232 2266 265 2317 et
280 2252 385 2315 vicem
400 2254 490 2315 suam
502 2249 719 2331 ingemiscent.
764 2246 968 2335 Pedibuaque
982 2248 1064 2311 maia
1075 2246 1240 2311 advolutae

134 2352 283 2419 confiteri
299 2363 394 2439 atque
407 2351 552 2434 dejerare
569 2350 689 2436 coepit,
710 2350 924 2434 baptismum,
947 2368 1011 2435 quo
1026 2346 1115 2435 apud
1131 2350 1243 2412 haere-

134 2455 219 2529 ticos
239 2454 382 2517 initiatus
401 2456 524 2532 suerat,
555 2473 620 2515 non
639 2449 825 2531 hujusmodi
848 2451 929 2530 elie,
949 2469 1010 2513 nee
1022 2470 1096 2512 curn
1108 2452 1171 2513 hoc
1184 2472 1244 2515 no·

132 2556 202 2621 sito
215 2551 390 2639 quidquem
404 2572 575 2617 commuue
588 2553 717 2614 habere.
767 2549 899 2637 Quippe
918 2550 1011 2612 illum
1032 2553 1168 2637 plenum
1187 2554 1245 2617 esse

136 2654 359 2740 blasphemiae
380 2666 413 2717 et
436 2650 620 2738 impietatis.
672 2650 854 2739 Ajebatque
878 2651 1024 2715 animum
1040 2654 1134 2715 suum
1157 2674 1248 2717 acor-

135 2755 262 2821 hissirno
278 2751 396 2819 doloris
409 2755 499 2817 sensu
512 2753 701 2839 compungi,
720 2772 757 2815 ac
769 2774 810 2816 ne
822 2754 932 2817 oculor
943 2750 1077 2839 quidem
1092 2751 1135 2816 od
1143 2752 1248 2818 Deum

135 2857 286 2919 attollere
304 2855 337 2918 se
355 2851 491 2931 audere,
520 2854 639 2941 quippe
658 2855 714 2942 qui
732 2855 867 2920 seeleitia
886 2855 951 2918 illia
968 2854 1077 2920 rethia
1093 2876 1131 2917 ac
1146 2856 1249 2919 caeri-

134 2959 255 3027 moniis
266 2958 408 3020 initiatus
420 2954 538 3019 fuisset.
587 2953 728 3019 Proinde
746 2959 870 3036 orabat,
892 2969 930 3020 ut
943 2957 1005 3020 hoc
1015 2957 1185 3043 purissimo
1198 2958 1248 3020 la-

134 3078 232 3147 ¹vacro
247 3058 473 3143 verissimaque
488 3053 661 3143 adoptione
673 3068 705 3121 et
718 3058 817 3138 gratia
830 3055 1011 3120 donaretur.
1040 3055 1140 3136 Quod
1154 3058 1248 3146 equi-

132 3156 213 3222 dem
231 3161 336 3221 sacere
354 3179 422 3222 non
438 3159 508 3220 sum
520 3158 630 3236 ausus,
659 3155 714 3220 sed
727 3156 911 3220 diuturnam
925 3156 974 3219 itti
986 3160 1248 3223 communionem

133 3256 225 3331 adid
238 3256 379 3323 sufficere
392 3256 471 3323 dixi.
518 3259 604 3324 Nam
624 3259 680 3344 qui
700 3258 872 3339 gratiarum
890 3258 1049 3323 actionem
1064 3260 1249 3347 frequenter

133 3358 273 3439 audierit
290 3370 323 3423 et
342 3361 398 3446 qui
416 3382 489 3425 cum
508 3360 621 3424 ceteris
640 3358 835 3447 responderit
846 3360 976 3439 Amen,
1002 3360 1059 3447 qui
1077 3358 1119 3422 ad
1134 3363 1247 3425 sacram

133 3463 279 3535 mensam
301 3459 455 3524 adstiterit
482 3472 516 3524 et
536 3480 653 3523 manue
676 3459 718 3522 ad
742 3460 979 3547 suscipiendum
1001 3462 1126 3524 samum
1144 3464 1247 3527 dham

133 3562 331 3650 porrexerim
358 3560 414 3647 qui
436 3560 530 3624 illum
549 3559 712 3647 exceperit
723 3571 765 3655 ,et
788 3562 928 3648 eorporis
948 3583 986 3625 ac
1005 3563 1171 3642 sanguinis
1187 3562 1246 3626 do-

132 3662 217 3727 mini
235 3662 332 3727 nostri
342 3660 417 3724 lein
434 3660 549 3725 Christi
564 3662 723 3748 particeps
734 3662 833 3727 suerit
850 3658 1052 3744 (μετασχών)
1063 3662 1244 3745 diutissima,

133 3783 211 3828 aum
226 3783 286 3845 ego
299 3760 344 3826 de
352 3762 476 3842 integro
489 3780 646 3826 renovare
659 3782 725 3824 non
736 3764 847 3829 ausim.
877 3764 976 3829 Porro
990 3775 1027 3826 ut
1039 3766 1128 3828 hono
1140 3767 1243 3830 animo

131 3864 228 3942 esset,
263 3873 297 3926 et
322 3883 396 3925 cum
422 3864 516 3925 firma
538 3861 603 3928 fide
627 3866 730 3929 bonae
753 3865 822 3952 spei
840 3865 957 3951 plennn
973 3864 1017 3954 τῇ
1033 3864 1163 3957 μετοχῇ
1184 3864 1243 3931 τῶ

130 3955 236 4046 orioro
254 3960 434 4042 accederet,
457 3950 584 4043 jussi.'’⁸

213 4061 320 4126 Simul
337 4075 470 4151 apparet
491 4084 534 4128 ox
551 4066 613 4130 hoo
632 4066 720 4145 loco,
749 4062 792 4130 dn
818 4068 929 4132 incra
953 4084 1077 4131 coena
1105 4070 1241 4133 nostrum

123 4156 271 4245 basile,
290 4163 483 4253 accipienten
495 4166 665 4253 lurticipee
678 4167 749 4233 heri
759 4168 902 4257 corporis
910 4168 1240 4252 utangumiafflttiiti.

126 4400 146 4419 ,Ι

128 4434 146 4461 ..p
169 4420 175 4427 ¹

200 4526 207 4543 ·
229 4494 242 4549 t
