2572 4770
143 284 214 357 ror
444 232 555 369 cap.
578 277 649 347 ιιι.
700 275 929 368 Dogmoticla.

43 464 49 471 ”
139 438 285 549 improbe
307 458 360 521 vel
380 457 541 544 praeclare
561 454 700 539 gerenda
723 457 800 537 sint,
828 458 892 519 eise
911 455 1081 541 perspecta.
1130 453 1254 542 Atque,

103 582 106 587 ·
136 578 173 629 ut
193 564 295 629 libere
323 557 410 646 quod
437 559 556 621 rescit
580 560 784 644 eloquantur,
816 578 882 620 non
902 554 967 619 Dei
988 557 1087 621 modo
1109 578 1255 644 praeno-

135 668 261 730 tionem
276 680 384 723 rerum
400 659 523 720 causam
536 680 600 721 non
614 662 678 721 eise
696 662 815 744 (neque
833 657 921 719 enim
934 677 1029 742 quem
1046 669 1253 744 peccaturum

135 768 228 835 Deus
247 765 311 827 effe
329 757 505 848 praevidit,
542 780 633 838 eum,
669 757 746 822 dum
766 778 801 822 re
819 757 886 844 ipsa
906 769 1029 844 peccat,
1064 757 1107 821 ad
1125 760 1252 822 facinus

137 867 226 960 quafi
245 885 342 928 manu
358 860 518 941 deducit);
542 857 707 922 sedetiam
724 856 811 944 quod
823 878 842 920 a
855 859 1017 920 communi
1035 860 1123 921 sensu
1139 879 1252 922 remo·

113 971 203 1033 ·tiue
216 962 365 1054 quidem,
394 958 448 1023 ted
459 980 581 1061 lverum
601 972 709 1023 tamen
732 961 795 1037 eit,
825 955 859 1020 id
879 958 982 1043 ipsum
1002 956 1090 1046 quoti
1105 961 1249 1023 futurum

136 1070 194 1149 fit,
222 1058 382 1147 ejusmodi
400 1060 617 1146 praenotionis
639 1061 762 1123 causam
782 1058 858 1120 eise.
902 1056 1014 1144 Neque
1032 1057 1122 1122 enim
1140 1060 1248 1124 iccirco

104 1198 107 1203 ·
135 1168 177 1235 fit
196 1162 284 1252 quod
304 1164 451 1224 futurum
471 1163 534 1223 eise
550 1162 770 1239 cognmentum
791 1157 845 1220 fed
862 1160 952 1244 quod¹
964 1162 1110 1223 futurum
1121 1162 1180 1240 fit,
1200 1162 1247 1221 ic-

7 1308 11 1319 ·
139 1269 222 1332 circo
232 1265 379 1327 futurum
392 1264 456 1323 eiie
471 1260 676 1341 cognoscitur.
684 1260 703 1291 ’'
745 1259 857 1345 Itaque
872 1284 897 1323 c.
913 1262 991 1324 Cels.
1009 1261 1051 1341 V,
1066 1274 1118 1328 21.
1143 1286 1175 1349 p.
1191 1269 1244 1329 594

137 1363 384 1456 providentiam,
395 1359 538 1424 divinam
551 1361 652 1423 libero
665 1360 834 1423 hominum
851 1361 982 1423 arbitrio
995 1382 1061 1424 non
1075 1382 1243 1448 repugnare

138 1463 313 1533 contendit.
849 1483 851 1489 ·

223 1566 311 1630 Haec
333 1583 406 1626 cum
418 1558 569 1640 Origenie
589 1561 628 1623 lit
650 1561 823 1639 sententia,
850 1578 953 1646 paene
972 1582 1031 1647 per
1045 1562 1078 1625 ie
1094 1561 1240 1644 inteiligi-

137 1680 209 1746 tur‚
243 1663 497 1750 superstitionem
522 1661 808 1740 astrologicam
838 1661 964 1746 probari
989 1663 1048 1748 ipii
1067 1684 1134 1727 nou
1153 1665 1237 1749 poiir.

121 1764 296 1835 'Concedit
310 1761 459 1850 quidem,
487 1781 506 1823 e
526 1761 616 1823 vario
636 1764 790 1824 astrorum
809 1762 868 1824 [itu
888 1774 1017 1825 naturae
1035 1765 1178 1827 humana
1192 1764 1238 1825 iu-

137 1869 283 1959 perioiee
300 1865 388 1945 figna
408 1864 597 1924 fururorum·
614 1862 742 1924 haurire
763 1860 903 1941 (Conun.
920 1861 957 1926 T.
970 1862 1029 1943 Ill,
1053 1874 1071 1930 6
1090 1866 1125 1927 in
1137 1862 1235 1931 Geuei.
1280 1868 1285 1945 i

63 1972 65 1977 ’
140 1971 207 2034 vol.
221 1966 266 2045 ΙΙ,
283 1969 336 2045 9),
356 1960 410 2026 fed
424 1964 481 2041 (ib.
503 1965 527 2045 i.
546 1977 574 2027 1.
597 1984 628 2047 p.
645 1967 680 2041 4)
703 1963 859 2025 humanos
877 1965 931 2035 ies
947 1984 1012 2026 non
1027 1963 1110 2029 adeo
1127 1966 1173 2030 ait
1185 1982 1236 2029 oe-
1279 1968 1285 2011 ³

140 2070 281 2137 ceffitate
300 2065 421 2141 teneri,
449 2072 486 2124 ut
503 2062 612 2139 aliter,
640 2082 737 2148 quum
755 2066 908 2126 astrorum
925 2063 1002 2127 fitur
1013 2068 1157 2146 juberet,
1180 2059 1236 2129 rui
1279 2080 1284 2141 3

139 2168 356 2255 non'poiient.
398 2161 499 2242 „Oua
513 2161 644 2247 quidem
661 2183 703 2224 ex
717 2163 911 2248 opinione'‘,
940 2166 1000 2243 ait,
1028 2170 1236 2253 „consequent
1279 2150 1284 2225 ,Ῐ

138 2267 223 2336 illud
241 2268 336 2342 esset,
364 2275 401 2324 ut
418 2260 564 2324 funditus
585 2262 721 2324 liberum
737 2265 876 2326 nostrum
892 2266 1060 2329 tolleretur
1076 2267 1236 2339 arbitrium,
1275 2250 1283 2335 i

140 2370 299 2452 simulque
324 2359 459 2450 proinde
486 2362 555 2423 laus
584 2362 690 2424 omnis
718 2382 754 2424 ac
779 2365 1173 2456 uituperatioreruruque
1194 2363 1237 2427 rel
1256 2340 1281 2391 '³

140 2464 374 2555 approbatione
392 2458 558 2539 dignarum
571 2462 625 2522 vel
640 2464 883 2546 reprehensione
898 2465 1108 2534 diecriruen.’'

225 2561 401 2645 Quaeritur
413 2559 569 2647 denique,
592 2560 820 2647 quaOrigeues
832 2566 954 2629 ratione
968 2557 1070 2632 mala
1092 2583 1132 2634 et
1145 2570 1238 2657 phy·

140 2669 221 2733 fica
244 2676 281 2729 et
303 2663 437 2726 ethica
469 2663 573 2739 (inter
595 2683 676 2747 quae
699 2662 871 2728 discrimen
893 2671 1238 2738 renouarentur.
1274 2724 1278 2739 .

140 2770 202 2848 vl,
232 2778 281 2834 55.
308 2777 357 2831 56.
385 2785 417 2848 p.
440 2766 523 2841 67⁵)
557 2784 629 2825 cum
658 2763 859 2848 providentia
892 2765 1001 2831 divina
1027 2772 1239 2837 conciliaverit.
1274 2766 1278 2801 ἕ

138 2868 254 2951 „Cum
274 2868 327 2929 hic
346 2864 391 2926 ait
409 2862 560 2941 Celsus”‚
590 2864 694 2950 inquit
712 2889 738 2929 c.
754 2866 832 2931 cett.
848 2866 906 2950 IV,
922 2880 972 2935 et.
995 2893 1026 2956 p.
1045 2884 1123 2954 ⁵⁵3,
1150 2892 1241 2956 „mt-
1273 2838 1279 2931 i

139 2971 248 3037 lorum
272 2967 429 3046 originem
450 2986 515 3031 non
535 2965 629 3051 facite
649 2970 792 3046 cognosci
810 2970 850 3031 ab
871 2971 1004 3035 homine
1023 2992 1090 3038 non
1108 2976 1243 3064 philoio·
1276 2966 1279 2975 ’

137 3072 226 3159 pho,
255 3066 362 3130 innuit
380 3065 605 3151 philosophum
624 3068 718 3131 facile
737 3070 826 3133 illiue
851 3073 982 3153 originis
1004 3077 1153 3142 notitiam
1169 3096 1243 3143 ceu-

139 3167 230 3256 fequi
242 3168 347 3254 pofie;
372 3167 590 3253 philosophiae
609 3180 717 3232 autem
734 3171 920 3256 imperitum
934 3196 1000 3239 non
1014 3177 1109 3244 senile
1122 3177 1243 3268 quidem
1278 3182 1281 3233 i

139 3272 229 3359 posse
251 3267 412 3331 malorum
436 3269 591 3349 originem
614 3271 818 3353 investigare,
844 3274 898 3337 ied
919 3279 1007 3364 poiie
1022 3291 1150 3362 tamen,
1177 3282 1244 3345 licet
1276 3262 1283 3341 i

139 3389 259 3451 magno
272 3371 391 3433 labore.
438 3367 493 3431 Ad
509 3369 597 3456 quod
611 3384 648 3434 ut
660 3372 886 3458 respondeam,
914 3377 984 3442 dico
1003 3400 1043 3444 ne
1061 3383 1244 3469 philosopho
1278 3354 1283 3425 i

141 3469 274 3561 quidem
298 3470 393 3533 facile
421 3470 485 3531 effe
508 3474 668 3534 maiorum
690 3474 846 3555 originem
868 3454 1065 3560 cognoscere.
1113 3484 1246 3551 Fortuita

141 3573 241 3639 etiem
263 3572 352 3633 nullo
372 3568 469 3630 modo
487 3574 603 3656 potest,
631 3572 691 3636 niii
703 3573 775 3638 Deo
797 3580 953 3665 aspirante
974 3581 1059 3666 dicat
1075 3585 1246 3670 intelligat·

143 3694 207 3760 que
221 3684 253 3733 et
262 3668 339 3757 quid
348 3673 433 3731 mala
442 3671 519 3751 sint,
534 3685 566 3737 et
577 3673 739 3759 quomodo
750 3691 819 3740 orta
832 3682 968 3762 fuerint,
983 3696 1017 3749 et
1029 3709 1170 3772 quonam
1178 3712 1246 3756 mo·

143 3773 186 3837 do
206 3770 349 3836 tollenda
366 3770 464 3833 fin1.‘’
513 3772 583 3858 Ipie
602 3787 716 3840 tamen
733 3781 950 3865 quaestionem
967 3787 1091 3851 solvere
1112 3802 1245 3855 conatur.

141 3874 201 3940 Ait
224 3874 311 3936 enirn
335 3895 361 3936 c.
384 3871 463 3934 cert.
483 3871 542 3950 IV,
565 3887 614 3939 66.
638 3898 670 3961 p.
691 3886 769 3945 ⁵⁵4:
807 3879 863 3963 Τὸἱ
879 3880 942 3972 γὰρ
962 3878 1108 3953 ἑκάστου
1128 3879 1247 3977 ἡγεμο-

142 3967 235 4037 νικὸν
252 3965 360 4037 αἴτιον
377 3971 436 4057 τῆς
456 3965 650 4058 ὑποστάσης
667 3971 702 4039 ἐν
721 3970 811 4065 αὐτῷ
829 3982 948 4062 κακίας
961 3982 1069 4064 ἐστὶν,
1088 3982 1169 4077 ἣτις
1180 3983 1246 4057 ioci
1285 3994 1286 4011 ¹

139 4066 180 4134 eri
192 4064 304 4138 κακόν.
347 4070 455 4153 Quare
469 4075 512 4137 io.
527 4075 585 4153 VI,
604 4087 654 4142 55.
666 4099 698 4162 p.
708 4090 768 4145 675
784 4080 877 4166 dicit,
899 4080 955 4150 ὅτι
970 4087 1073 4153 κακὸν
1085 4091 1149 4172 μὲν
1160 4084 1183 4176 ἢ
1192 4086 1246 4179 crit

143 4166 263 4237 mim
289 4171 348 4239 καὶ
371 4169 432 4251 τὰς
457 4164 522 4241 ἀπ’
547 4166 652 4263 αὗῑῆς
674 4171 816 4266 πράξεις
840 4175 860 4249 ὃ
882 4183 981 4275 ,θεὸς
994 4182 1056 4256 01'18
1081 4188 1246 4281 ἐποίησιν.
