2572 4770
47 196 190 301 ''a'e
289 292 295 299 ‚
446 210 534 307 Cap.
559 210 611 281 11.
634 179 942 295 flaminea.
1017 288 1024 307 ,

221 391 358 479 Neque
377 408 474 455 rere
493 390 534 454 in
553 388 619 455 hia
634 398 790 454 tantum
805 387 909 453 lucie
923 387 1132 455 literalem
1153 391 1252 457 len.

37 572 39 577 Ι
137 495 223 559 tum
254 491 455 574 Didymus
482 492 655 556 scrutiri
680 489 911 569 consuevit,
949 486 1017 552 lad
1046 508 1178 575 paene
1208 491 1251 563 iu

134 594 331 660 omnibus
359 593 467 659 Nori
496 593 595 657 Tela
648 591 698 657 Ita
718 591 759 656 de
772 590 846 656 trin.
865 589 920 654 lib.
934 588 960 655 1.
981 612 1008 654 a.
1024 599 1075 657 16.
1095 612 1128 677 p.
1145 604 1188 659 19
1205 590 1249 667 de

134 694 346 777 ov.10n1‚1
363 692 487 758 verbis:
507 691 623 775 „Illud
630 683 677 780 ἦν
693 688 781 780 πρὸς
794 688 853 757 τὸν
864 686 984 769 &adast
1003 691 1058 772 eit,
1081 692 1248 773 „altendit

131 816 224 877 eam,
236 816 333 883 quam
346 796 433 860 illiue
444 798 540 859 habet
551 816 624 859 cum
637 793 708 858 Deo
720 807 809 881 petra
826 807 957 859 naturae
972 794 1246 879 communionem,

128 909 229 985 atque
243 899 304 961 hoa
316 897 414 960 etiam
432 895 582 974 ostendit,
608 914 651 957 ex
670 916 734 981 quo
758 916 875 983 nempe
886 896 965 975 fuit,
991 894 1074 959 fiita
1087 894 1179 983 loqui
1192 900 1246 964 faa

131 1000 195 1079 eit,
223 999 384 1063 increatus
397 1008 504 1084 pater,
531 995 590 1081 iptt
608 996 796 1059 coextaitiffe
816 998 941 1076 filium,
963 997 1019 1083 qui
1039 1016 1083 1059 ex
1098 996 1167 1084 ipln
1185 1002 1243 1065 alt.

128 1096 330 1183 Quinetiam
344 1100 474 1163 illorum
487 1098 677 1176 verborum,
704 1094 781 1160 Erat
795 1096 879 1186 apud
894 1098 1020 1179 Deum,
1046 1099 1121 1163 lena
1135 1099 1244 1165 inter-

124 1201 264 1289 pretatio
289 1203 388 1279 foret,
420 1199 510 1263 fiita
526 1197 798 1277 intelligerentur:
829 1199 905 1263 Erat
927 1196 1101 1263 facundum
1122 1196 1241 1282 (aerei)

15 1306 20 1329 ⁵
126 1298 254 1380 Da'um,
284 1302 306 1364 1.
323 1320 353 1364 e.
368 1311 454 1378 erat,
484 1319 587 1386 aeque
603 1320 640 1363 ac
653 1298 761 1380 Deus,
782 1301 936 1388 principio
952 1321 1080 1380 carens,
1099 1322 1168 1371 nnn
1180 1303 1241 1369 te*

125 1415 214 1482 etue,
234 1400 582 1487 inaemprehaafibilia,
599 1401 721 1480 bonna,
747 1401 954 1481 immortalis,
982 1401 1130 1466 omniun
1141 1401 1240 1467 ιη’*

122 1500 290 1585 (Eundem
307 1503 343 1565 in
366 1500 474 1563 locum
497 1497 539 1562 da
550 1512 589 1566 tr.
601 1500 662 1582 111,
677 1512 707 1581 3,
725 1510 785 1568 315
806 1503 857 1564 hia
870 1513 1121 1566 commentatura
1148 1502 1239 1583 „Ait

123 1597 214 1689 πρὸς
235 1596 295 1667 τὸν
313 1595 399 1666 θεὸν
412 1622 470 1687 pro
490 1596 574 1664 κατὰ
590 1596 649 1666 τὸν
659 1601 807 1689 πατέρα,
831 1623 933 1688 aeque
945 1623 983 1665 ec
996 1613 1103 1688 pater,
1121 1614 1192 1667 erat
1203 1614 1238 1667 at

118 1704 189 1792 §ple
210 1703 383 1784 elynaritue
402 1701 688 1795 (incomparabilia)
707 1714 740 1767 at
759 1705 936 1781 increatus,
963 1714 998 1766 et
1011 1704 1092 1769 intre
1104 1703 1239 1769 ineatu-

120 1807 370 1895 prananfibttem
390 1805 486 1890 ipllns
506 1803 658 1867 deitatem
677 1805 817 1868 intuens.
872 1804 956 1868 Cum
975 1804 1063 1869 enirn
1082 1806 1155 1892 quir
1178 1794 1236 1887 a'it,

119 1903 210 1995 πρὸς
218 1899 315 1971 τόνδε
327 1893 368 1993 ἦν
372 1949 383 1980 ,
401 1926 469 1967 -non
485 1901 582 1967 modo
596 1904 766 1984 fignificat:
789 1904 870 1970 Cum
883 1907 944 1969 hoc
957 1915 1045 1985 erat,
1064 1902 1123 1969 led
1134 1902 1235 1975 etiam

116 2009 336 2096 comparative
349 2007 429 2067 haec
442 2007 560 2068 locutio
575 2004 737 2091 aecipitur,
754 2017 790 2068 ut
807 2010 930 2071 valeat:
948 2004 1134 2071 Secundum
1145 2008 1233 2071 hunc

113 2110 240 2189 καθ’)
294 2104 712 2193 DaxnlegiamRouu.1X,
734 2116 752 2171 6
774 2103 814 2170 de
835 2110 903 2171 lilio
929 2108 1041 2193 ecaipit
1057 2107 1100 2171 ia.
1124 2129 1157 2193 p.
1177 2121 1232 2177 29.

114 2207 175 2275 Atl
186 2209 295 2269 locum
312 2220 327 2271 1
342 2206 414 2271 Gor.
430 2206 524 2284 XIII,
545 2217 582 2272 13
596 2207 639 2269 ib.
652 2212 678 2268 c‘.
697 2218 746 2272 16.
769 2229 800 2292 p.
816 2215 856 2274 lo
871 2221 1017 2273 ennatat:
1038 2202 1097 2295 dati
1108 2204 1170 2295 rip
1181 2204 1233 2288 εἷς

111 2301 239 2397 beturii
252 2302 409 2373 ἐπίτασιν
420 2298 597 2387 ἀπένειμεν
607 2303 649 2393 τῇ
661 2296 776 2395 ἀγάπῃ
790 2304 830 2372 τὸ
843 2303 922 2388 μείζ
950 2357 959 2372 .
1007 2304 1133 2377 Locum
1146 2309 1232 2375 Phi-

108 2408 194 2495 IIpp.
207 2407 250 2486 Π,
266 2419 296 2472 6.
312 2408 427 2471 7·ib.-c.
445 2418 496 2471 26.
519 2429 549 2492 p.
568 2414 606 2472 ⁷4
621 2407 708 2471 hisce
723 2411 829 2472 verbis
841 2412 1087 2497 interpretatur:
1107 2408 1244 2492 „Quid¹
1261 2436 1282 2461 τ’

108 2508 149 2573 in
165 2510 225 2571 bea
244 2506 435 2594 aequalitate
457 2508 621 2571 invenitur
636 2507 831 2597 inaequale?
871 2510 984 2596 Neque
1002 2512 1092 2577 enim
1110 2516 1230 2602 rapuit,
1250 2540 1253 2545 ·

106 2609 226 2696 lnquit,
242 2628 307 2685 non
323 2606 454 2670 aliunde
469 2609 600 2694 accepit,
613 2620 651 2671 ut
662 2610 741 2674 ellet
753 2610 945 2674 neturaDeo
959 2615 1089 2698 etpatri
1103 2636 1230 2703 aequa-

109 2710 162 2775 lia
212 2708 262 2772 Et·
273 2711 347 2771 lana
365 2709 420 2793 qui
443 2730 508 2771 non
526 2712 565 2772 ab
585 2710 650 2772 alio
666 2712 848 2775 extuanitus
864 2714 926 2790 elt,
950 2711 1006 2777 led
1021 2714 1228 2805 temetipsum

105 2809 307 2888 exinanivit,
329 2808 402 2873 ie'le
416 2811 520 2896 ipsum
533 2809 670 2875 ostendit
685 2809 854 2875 dominum
864 2814 927 2875 elle
941 2815 1068 2900 propria
1079 2820 1227 2887 auctori-

100 2922 174 2976 tate
189 2921 339 2991 agentem
353 2912 447 2973 limul
462 2921 495 2972 et
508 2921 673 2979 aeternum
686 2903 867 2998 (ἅυθὲιτην
884 2905 1052 2999 δεσπότηῦ
1064 2907 1155 2998 Ιὁμοῦ
1166 2919 1226 2986 καὶ

104 3005 242 3093 ditior).
286 3011 323 3075 si
335 3011 424 3074 enim
441 3012 476 3074 in
489 3014 594 3076 tonna
604 3013 686 3077 servi
702 3017 806 3078 leatus
829 3017 892 3092 est,
907 3012 1104 3097 indubitata,
1124 3032 1225 3084 ante-

102 3136 203 3202 quam
214 3116 275 3177 hoa
288 3113 397 3192 taret,
424 3113 508 3176 inter
533 3127 692 3178 creaturae
712 3136 779 3177 non
793 3118 1035 3197 numerabatur,
1056 3117 1112 3182 led
1126 3121 1162 3183 in
1176 3120 1224 3183 li-

101 3218 180 3283 tara
197 3228 267 3279 eret
286 3227 399 3279 natura
422 3216 540 3301 patris,
571 3228 603 3278 et
616 3217 768 3301 quoniam
784 3217 854 3279 lieri
867 3239 933 3279 nun
947 3231 1071 3304 potarat
1084 3231 1120 3281 ut
1133 3220 1223 3307 alpi-

101 3330 244 3394 aetetur,
270 3313 491 3408 condeleendit
511 3316 753 3379 immutabiliter
774 3338 810 3380 ac
829 3317 956 3381 realiter
973 3339 1075 3404 neque
1092 3317 1134 3383 ad
1149 3324 1222 3385 sor-

100 3436 190 3487 nam
209 3419 307 3497 fervi,
331 3429 364 3480 at
386 3417 501 3481 famuli
521 3418 680 3481 molestias
703 3418 822 3503 repulit
842 3429 874 3480 et
893 3418 1034 3483 laetioris
1051 3419 1139 3485 ritae
1150 3421 1221 3485 ini-

97 3523 182 3587 tium
195 3520 303 3600 dedit,
325 3519 413 3582 unde
429 3530 479 3597 et,
500 3519 556 3604 qui
570 3521 611 3583 ab
626 3531 756 3581 aeterno
773 3532 858 3599 erat,
880 3521 1006 3600 agnitus
1019 3519 1103 3584 elt.”
1144 3518 1219 3587 Le-

97 3644 174 3690 aum
191 3639 205 3692 1
222 3621 365 3687 Timoth.
379 3621 439 3699 III,
460 3632 497 3685 16
511 3618 552 3682 de
567 3631 606 3683 tr.
621 3619 647 3693 l,
661 3631 714 3697 27,
731 3630 769 3687 a!
783 3622 835 3685 his
846 3622 953 3685 verbis
970 3622 1217 3706 interpretatur:
1278 3662 1282 3687 t

96 3725 211 3808 „Cum
231 3725 396 3789 benellene
412 3724 470 3784 ille
490 3741 598 3785 rarum
615 3721 762 3784 omniurn
784 3717 1089 3784 conditornandum
1104 3734 1215 3809 aperta
1279 3720 1282 3729 '

94 3828 248 3893 omnibns
266 3825 486 3888 manifestatus
506 3825 600 3904 ellat,
628 3836 698 3887 tum
716 3821 901 3887 manileitua
922 3822 1028 3886 iactua
1042 3824 1104 3903 aa,
1127 3821 1215 3889 und·

93 3930 280 4009 ludificatur
296 3926 347 3989 'elt
366 3925 399 3987 in
419 3924 545 4009 spiritu,
574 3924 596 3986 i.
617 3945 645 3989 e.
669 3922 845 3987 affirmans
864 3923 926 3986 fuit
943 3924 1213 3989 aurconttrmntua
1277 3948 1282 3993 t

92 4030 188 4093 abiit
201 4030 318 4107 etiam,
347 4027 401 4112 qui
421 4045 496 4087 eum
518 4037 612 4088 antea
630 4026 836 4105 ignorabant,
865 4043 961 4087 naam
976 4022 1086 4104 Deua,
1114 4021 1212 4110 idque
1254 3998 1282 4225 †

29 4134 33 4147 '
94 4150 163 4197 nou
182 4130 249 4196 lina
268 4128 437 4207 examine,
467 4125 591 4211 inquit,
624 4123 679 4189 lad
700 4125 766 4211 ipsa
784 4125 910 4189 animae
931 4124 1053 4188 nostrae
1070 4124 1215 4188 motione
1244 4194 1250 4205 Ι

100 4478 162 4494 1-
