2572 4770
523 267 704 360 origenes:
1116 269 1169 341 db

47 467 111 512 nes
131 444 699 529 evangeliumflebraeor'rrm,
717 437 997 534 καθ’Ἓβραίσυς.
1023 444 1189 514 omnino.

47 547 187 635 quidem
206 547 371 629 distinguit
390 548 425 611 id
447 551 486 610 ab
507 550 675 630 evangelio
690 548 847 612 Matthaei
859 549 1063 635 minorisque
1085 546 1168 613 illud
1213 544 1223 561 '

51 653 200 715 aestimat
208 647 320 729 (Tem.
327 648 403 714 XV.
418 653 443 732 §-
454 656 501 715 rt.
511 648 635 716 Comm.
648 649 805 713 inMattln·
812 651 876 715 voi.
885 649 945 729 111,
955 661 1035 715 671:
1056 648 1170 713 ”Seti-

51 765 153 838 ptum
171 752 214 812 eit
233 750 268 811 in
289 749 631 836 evangelioquodam,
662 749 750 837 quod
771 748 885 814 dicitur
907 750 1081 815 secundum
1095 751 1169 813 He-

55 857 189 929 braeos,
216 850 242 912 si
258 861 367 911 tamen
380 850 485 934 placet
505 853 599 915 alicui
610 853 768 937 suscipere
781 850 864 915 istud
877 874 944 914 non
956 851 996 917 ad
1011 854 1170 917 autorita-
1204 836 1209 852 ⁴

55 965 140 1031 tem,
163 947 218 1013 sed
240 947 281 1011 ad
300 951 589 1015 manifestationem
607 955 789 1040 propositae
815 955 1015 1041 quaestionis.
1063 953 1168 1036 Dixit,

55 1053 179 1139 inquit,
205 1048 248 1115 ad
266 1071 343 1113 eum
355 1052 447 1114 -alter
465 1049 620 1116 divitum:
643 1055 792 1135 magister
816 1053 893 1142 qnid
913 1057 1034 1119 bonum
1047 1055 1169 1121 faciens

56 1151 191 1216 vivam?
239 1151 333 1217 Dixit
351 1154 399 1215 ei:
426 1155 526 1217 homo
543 1156 631 1234 leges
649 1165 682 1218 et
695 1157 868 1242 prophetes
882 1158 942 1220 fae.
984 1152 1169 1241 Respondet

60 1255 208 1320 adeum:
227 1255 301 1317 feci.
352 1252 444 1320 Dixit
462 1255 512 1318 ei:
536 1254 638 1335 vade,
665 1253 771 1319 vende
791 1256 900 1319 omnia
926 1277 1010 1343 quae
1028 1253 1171 1343 possiden

63 1371 92 1420 et
105 1354 213 1419 divide
228 1354 422 1441 pauperibus
440 1368 473 1417 et
487 1357 571 1434 veni,
585 1358 717 1441 sequere
728 1379 793 1422 me.
824 1358 938 1444 Coepit
951 1370 1060 1420 autem
1075 1355 1169 1423 diver

10 1472 14 1527 ι
66 1461 298 1544 scalperecapnt
311 1458 443 1518 tuomet
456 1478 522 1519 non
530 1458 649 1543 placuit
663 1460 704 1538 ei,
717 1472 751 1523 et
766 1458 848 1523 dixit
859 1458 900 1522 ad
909 1478 985 1523 eom
998 1457 1168 1524 dominum

68 1556 232 1639 Quomodo
245 1554 324 1619 dicis
339 1558 444 1636 legem
457 1558 520 1619 feci
537 1571 570 1621 et
584 1561 772 1647 prophetae,
789 1562 941 1648 quoniam
956 1564 1105 1648 scriptum
1121 1562 1168 1624 est

70 1662 195 1742 inlege:
214 1656 327 1736 diliges
342 1658 528 1742 proximum
542 1672 634 1725 tuum
653 1662 731 1727 ficut
744 1677 777 1726 te
794 1654 915 1750 ipsum,
940 1673 972 1724 et
987 1681 1059 1725 ecce
1071 1660 1168 1725 multi

71 1767 172 1826 fratrae
187 1760 253 1839 tui,
274 1759 507 1838 sisiiAbrahae,
523 1761 630 1824 amicti
642 1764 713 1824 sunt
729 1767 879 1842 stercore,
901 1762 1074 1825 morientes
1088 1780 1168 1847 prae

74 1869 161 1942 same,
181 1874 213 1925 et
229 1857 344 1923 domus
358 1871 411 1923 tua
425 1863 520 1947 plena
534 1864 579 1924 est
597 1864 708 1925 multis
727 1864 839 1942 bonis,
867 1874 901 1924 et
919 1883 985 1924 non
1006 1859 1168 1940 egreditur

21 2026 25 2039 ,
75 1967 191 2028 omnino
210 1960 330 2046 aliquid
345 1981 388 2023 ex
402 1981 440 2023 ea
455 1960 496 2023 ad
511 1961 590 2023 eos?
629 1962 671 2024 Et
686 1966 853 2025 conversus
873 1961 955 2023 dixit
969 1960 1092 2023 Simoni
1112 1959 1168 2022 di-

22 2048 26 2111 ῗ
76 2067 274 2153 Ιείρυῑοβυο,
286 2060 409 2125 sedenti
423 2059 508 2146 apud
522 2063 571 2124 se:
598 2060 729 2140 Simon,
756 2062 804 2123 frti
817 2061 957 2139 Jaenne,
984 2062 1108 2123 saciliua
1122 2063 1168 2123 est

22 2136 27 2263 ξ
74 2150 218 2231 umeluin
233 2167 350 2226 intrare
363 2166 580 2249 perforamen
594 2184 686 2240 acue,
713 2182 809 2248 quam
829 2159 963 2224 divitem
982 2162 1018 2223 in
1033 2181 1169 2259 regnum

21 2266 26 2303 ³
74 2272 267 2344 coetorum„;
288 2254 707 2342 Tom.11.intoh.v01.lv‚
722 2275 761 2330 68
774 2296 816 2310 -
836 2283 886 2348 ap.
896 2263 992 2325 Huet.
1006 2260 1049 2339 ΙΙ,
1059 2273 1097 2328 58
1107 2284 1168 2327 -2

72 2364 121 2432 ἐὰν
144 2366 180 2432 δὲ
206 2360 382 2449 aperierat
405 2386 458 2440 τις
481 2359 520 2428 τὸ
549 2355 632 2427 καθ’
660 2355 818 2451 ἕβραίους
844 2353 1049 2447 εὐαγγέλιον,
1080 2355 1168 2428 ἔνθα

71 2462 159 2545 αὐτὸς
172 2459 191 2532 ὁ
202 2459 315 2552 σωτήρ
328 2486 447 2551 φησιν·
476 2453 553 2549 ἷὶρτι
571 2459 673 2545 ἔλαβέ
689 2485 733 2546 με
749 2456 770 2550 ἦ
788 2457 898 2550 μήτηρ
915 2485 999 2544 μου,
1020 2461 1060 2528 τὸ
1073 2456 1168 2547 ἅγιον

10 2636 13 2659 Ι
69 2575 204 2649 πνεῦμα,
227 2563 414 2651 ἐνμιᾷφών
425 2570 543 2650 τριχῶν
554 2586 635 2644 μου,
664 2565 722 2629 καὶ
740 2557 899 2648 ἀπένεγκέ
913 2585 955 2646 με
973 2559 1073 2641 nigro
1087 2558 1168 2648 ’όρος

10 2684 12 2691 ·
67 2669 101 2735 td
121 2666 204 2753 μέγα
230 2660 364 2750 &affinio
417 2667 464 2731 cf.
486 2666 597 2728 hoinib
619 2665 685 2729 XV
706 2667 741 2726 in
762 2665 880 2727 Jerem.
902 2667 967 2727 voi.
988 2666 1048 2745 ΙΙΙ,
1072 2674 1167 2762 224);

66 2795 164 2859 neque
179 2784 288 2833 tamen
304 2764 382 2828 inde
393 2765 539 2828 concludi
552 2767 641 2843 licet,
658 2767 861 2845 evangelium
868 2767 1089 2829 Hebraeorum
1103 2771 1168 2834 esse

64 2896 125 2937 non
138 2873 225 2958 posse
241 2865 629 2952 corruptumblatthaeum
646 2869 699 2944 (cf.
709 2868 1023 2932 OtshautenAEchth.
1039 2866 1069 2933 d.
1084 2870 1167 2950 Eur,

64 2999 93 3061 p,
112 2987 150 3040 76
162 2976 205 3059 sq.
222 2976 294 3048 85),
316 2989 374 3030 nec
387 2969 459 3030 satis
472 2969 606 3046 constat,
628 2967 783 3048 Origenes
799 2970 865 3054 ipse
877 2965 1049 3055 possederit
1063 2956 1168 3041 erana·

65 3077 180 3157 getium
200 3074 419 3135 Hebraeorum
440 3089 541 3131 necne
567 3067 659 3149 (ibid.
680 3089 711 3153 p.
733 3081 772 3134 ⁸7
796 3071 865 3155 sq.).
920 3066 972 3131 De
999 3071 1184 3149 evangelio*

63 3175 126 3239 τῶν
143 3173 213 3238 Xll
234 3174 316 3234 nihil
334 3170 447 3233 diserte
468 3170 544 3233 dicit
566 3172 630 3233 vob
652 3169 710 3248 ΙΙΙ,
734 3181 815 3250 9323
838 3171 919 3231 clare
938 3181 1047 3232 autern
1068 3172 1170 3251 rejicit

65 3269 199 3361 διδαχὴν
218 3273 462 3352 (verisimillime
479 3274 500 3334 i.
518 3294 546 3355 q.
563 3261 730 3355 κήρυγμα)
751 3265 886 3355 Πέτρου
906 3267 945 3332 de
968 3274 1067 3355 princ.
1087 3293 1170 3357 pro-
1279 3258 1281 3263 ¹

67 3398 145 3440 oem.
167 3377 231 3437 vol.
246 3374 273 3451 Ι,
293 3381 333 3439 49
355 3384 450 3457 atque
470 3372 637 3452 euangelia
656 3370 819 3448 Thomna,
855 3367 1027 3453 iilptthiae,
1053 3372 1170 3454 Aegy-

67 3480 201 3562 ptiorum
214 3490 246 3537 et
261 3470 407 3537 Basilidis
420 3474 546 3553 (homil.
562 3472 578 3536 I
592 3474 627 3533 in
639 3472 718 3535 Luc.
733 3473 797 3531 vol.
810 3467 869 3549 III,
887 3478 973 3551 938).
1183 3502 1186 3507 ·

145 3579 249 3641 Acta
268 3573 823 3661 apostolorumLucanrigenes
839 3572 892 3636 dat
903 3572 987 3658 apud
998 3570 1171 3635 Eusebium

14 3738 18 3747 .
67 3681 97 3741 b.
109 3701 137 3743 e.
151 3678 211 3757 VI,
227 3689 266 3745 25
282 3689 314 3737 et
331 3676 442 3737 homil.
457 3673 523 3737 vlt
537 3675 572 3734 in
585 3674 648 3737 Jos.
663 3676 727 3737 vol.
746 3673 789 3753 II,
806 3682 882 3756 412,
905 3672 1082 3756 eodemque
1096 3671 1168 3735 loco

68 3781 224 3867 posteriori
239 3776 323 3842 XIV
345 3777 432 3860 epis
437 3777 545 3837 tolas
567 3773 592 3838 P
600 3776 694 3836 aulo
715 3778 855 3859 apostolo
876 3777 950 3852 ('’et
963 3775 1069 3839 Lucae
1086 3793 1170 3855 apo-

66 3885 212 3944 stolorum
228 3879 311 3959 gesta
324 3875 500 3939 describens
510 3923 529 3952 ‚,
539 3909 580 3923 -
595 3875 656 3938 scil.
666 3872 754 3936 addit
769 3879 843 3939 tuba
858 3894 972 3935 canere
982 3907 1033 3941 -:-.
1071 3856 1174 3935 ”Nol

67 3985 186 4045 visiune
208 3993 315 4043 autern
337 3976 392 4039 itte
418 3978 571 4053 veniens,
604 3976 659 4062 qui
684 3975 783 4049 dixit,
817 3987 896 4062 puto
919 3985 973 4034 aar
996 3994 1056 4035 noa
1077 3971 1170 4039 Deua

65 4084 247 4147 novttttrnos
261 4078 418 4162 apostolos
432 4075 584 4156 ostendit,
615 4090 646 4138 et
660 4079 693 4138 in
709 4075 947 4163 quatuordecim
965 4074 1170 4158 epistolarum

63 4190 189 4251 suarum
206 4181 380 4261 fulminans
399 4179 485 4245 tubis
503 4199 612 4245 muros
627 4178 777 4251 Hiericho
795 4189 827 4240 et
841 4195 953 4243 onmes
967 4173 1170 4243 idololatriae
