2572 4770
520 252 699 325 samma.
846 278 855 309 ι
900 224 966 323 ”»
1099 259 1171 327 ner

67 429 260 519 quippe·qui
279 452 337 518 per
355 429 453 495 fidem
465 433 627 517 perveniri
645 432 687 495 ad
708 430 817 514 gnesin
836 429 968 511 dixerit,
988 452 1048 497 nec
1059 430 1174 499 srdelcts

68 553 87 593 a
111 535 256 611 gnosticis
278 532 359 597 adeo
382 533 542 599 suadetis
563 535 724 597 fieri-non
744 536 845 620 posset
867 533 1022 614 gnosticos
1042 536 1175 618 separa-

69 634 193 714 verit).'¹
227 630 276 699 Τὸ
297 626 410 703 ὑλικὸν
433 634 564 713 gnrtstici
583 637 622 695 alr
640 635 730 695 omni
747 647 838 720 parte
856 637 978 697 saalum
999 635 1062 695 else
1080 632 1172 695 dice-

66 726 160 812 aaut,
189 733 276 797 untl'e
296 734 328 795 in
352 735 481 807 ascetica
503 738 557 796 sua
576 733 737 818 disciplina
757 735 926 820 praecipue
944 755 1057 820 corpur
1073 736 1172 813 iube-s

67 837 143 903 liant
157 834 307 913 castigari.
349 834 572 913 Athenagoras
587 855 663 901 veru
679 857 743 898 non
762 837 891 901 solum
909 857 1022 920 corpus
1041 854 1174 921 peccare

65 935 128 1012 eit,
157 947 191 997 et
207 936 354 998 Clemens
370 956 484 1021 corpus
496 920 602 1018 ireque
616 936 752 1016 bonum,
778 956 885 1022 neque
902 938 1026 999 malum
1042 936 1106 997 esse
1119 936 1174 997 as·-

64 1037 177 1116 seruit;
195 1035 341 1114 gnosticis
352 1035 516 1098 sententiis
531 1038 625 1120 paulo
638 1038 878 1105 convenientius
890 1036 1046 1116 Origenes
1060 1037 1094 1113 (a
1106 1054 1171 1119 quo

63 1136 225 1217 Didymus
242 1138 405 1220 proxime,
432 1137 543 1220 procul
560 1156 637 1199 vero
657 1136 874 1205 Tertullianus
895 1139 996 1210 abest,
1023 1134 1079 1219 qui
1096 1156 1172 1201 ,cora

62 1239 150 1321 puris
168 1236 357 1316 dignitatem
372 1237 498 1316 egregie
513 1234 622 1297 laudat
640 1234 681 1297 de
703 1239 761 1301 res.
782 1256 865 1300 carn.
886 1259 913 1301 c.
928 1243 978 1303 ts.
993 1243 1043 1300 44.
1062 1241 1114 1300 47.
1126 1244 1171 1315 ‘²¹3

61 1336 328 1418 licead-Animo.
341 1361 372 1431 p.
382 1346 444 1407 lou
451 1341 509 1417 -)
520 1358 635 1421 corpus
644 1339 707 1399 esse
714 1338 821 1427 statuit
829 1335 1082 1429 additamentum
1090 1355 1172 1397 uro-e
1255 1402 1258 1411 ,

62 1442 192 1518 lassum,
226 1438 342 1502 sedem·
358 1438 487 1523 peccati.
543 1436 579 1500 Si
599 1449 714 1501 autern
739 1437 869 1519 gnostici
888 1437 1037 1499 nonnulli
1054 1456 1170 1499 ornnes
1270 1470 1273 1476 ·

61 1552 190 1603 naturas
203 1542 379 1616 humanas,
400 1539 542 1622 exceptis
554 1539 765 1621 pneumaticis
773 1585 788 1616 ,A
809 1539 875 1599 sato
888 1538 1055 1617 subjiciunt
1068 1535 1172 1599 ideo-'
1251 1592 1254 1599 .

61 1662 124 1726 que
143 1652 261 1703 nocent
283 1638 445 1727 doctrinae
465 1638 649 1701 christianae
671 1638 712 1700 de
732 1641 837 1717 (vera)
857 1638 1021 1717 libertate;
1052 1644 1168 1711 ornnes

61 1754 171 1807 contra
185 1737 399 1811 Alexandrini
419 1741 547 1821 plenam
566 1739 708 1800 huminis
728 1740 835 1800 anirno
854 1738 1034 1800 libertatem
1055 1740 1169 1823 (quant
1205 1744 1209 1749 '
1252 1720 1256 1743 ⁵

60 1856 167 1927 neque
179 1821 392 1903 occidentales
404 1852 537 1918 negent,
561 1844 617 1909 cll.
631 1839 782 1901 Irenaeus
798 1838 855 1900 lib.
868 1835 927 1914 IV,
942 1845 961 1903 4
976 1848 1009 1898 et
1025 1835 1066 1897 de
1081 1838 1169 1901 Ter-'1

58 1944 196 2008 tulliano
213 1937 337 2004 Neand.
357 1938 491 2018 Antigu.
515 1962 547 2023 p.
562 1943 638 2017 372)
658 1940 799 2001 tribuunt
817 1938 962 2035 hancque
985 1933 1167 2013 (studiosius

59 2060 157 2130 quam
180 2038 416 2117 occidentales)
448 2060 524 2124 prae
540 2040 702 2111 ¹omnibus
725 2036 905 2107 doctrinam
928 2034 1164 2113 cornmeudanrp

59 2161 254 2229 quamquam
260 2140 355 2214 fimus
364 2137 609 2225 haudquaquam
619 2151 750 2219 negant,
762 2132 1166 2221 adbonurnperliciendum

59 2228 181 2317 auxilio
201 2241 311 2303 divino
329 2261 412 2324 opus
432 2243 506 2313 esse.
555 2242 620 2319 Eo,
648 2237 735 2326 quod
755 2237 931 2303 doctrinam
951 2234 991 2303 de
1012 2235 1166 2319 praeexia

56 2346 171 2409 [tentia
188 2343 368 2404 animarum
379 2342 454 2422 (cui
469 2340 599 2426 quidem
612 2341 724 2405 Petrus
736 2339 857 2420 Martyr
868 2334 1065 2414 contradicit)
1084 2336 1165 2399 Gle-

57 2467 151 2510 mens
172 2443 377 2524 (lenissime),
402 2440 632 2523 Origenes,
671 2442 796 2507 l'ierius
819 2450 854 2501 et
870 2436 1030 2517 Didymus
1050 2436 1165 2519 prose-

56 2560 132 2613 runt
140 2590 154 2624 ‚-
184 2542 378 2607 converiunt
399 2542 626 2617 cumllrtsilide
648 2544 765 2622 (Glern.
787 2539 907 2603 Strom.
923 2538 981 2614 tv,
1005 2550 1052 2614 12,
1074 2540 1167 2615 σου),

57 2648 236 2715 Berdelmre
255 2641 448 2723 (l'seudotig
471 2641 544 2705 dial.
567 2642 608 2723 tle
631 2654 714 2705 recsa
735 2644 770 2705 in
789 2641 896 2704 Deum
916 2636 980 2699 sule
999 2636 1084 2723 Opp.
1102 2634 1159 2699 Or.

56 2750 110 2814 ed.
130 2747 233 2813 Iluuei
252 2744 394 2824 mss),
418 2742 512 2813 ¹lulio
538 2742 681 2807 Cassiano
705 2745 823 2821 (illem.
841 2726 902 2810 Str.
920 2739 979 2815 lv,
1001 2748 1049 2813 13,
1073 2742 1162 2816 553),

56 2853 145 2929 elim,
174 2832 391 2919 valde-autem
402 2841 593 2905 dissentiunt
610 2863 629 2903 a
643 2842 840 2913 Tertulliano
856 2842 1001 2925 (ejusque
1014 2838 1162 2915 asseclis),

56 2953 112 3039 qui
133 2950 189 3029 (de
206 2948 321 3011 anima·
335 2969 360 3007 c.
384 2958 431 3011 19.
453 2954 629 3019 20-27.‚
666 2941 790 3005 Neand.
813 2938 943 3019 Antign.
966 2962 998 3025 p.
1018 2942 1096 3017 454)
1119 2936 1162 2999 de

55 3051 185 3125 traduce
213 3048 338 3111 animae
363 3048 475 3131 (quam
499 3040 662 3105 Clemente
684 3053 717 3105 et
736 3039 877 3120 Origene
899 3040 1031 3100 minime
1055 3040 1162 3107 arsen-2

54 3153 210 3227 cientibus
233 3148 361 3227 „niuis
395 3147 421 3209 li
447 3165 511 3205 non
532 3142 676 3227 corpus”·
691 3144 756 3203 esse
781 3139 857 3202 dicit
874 3138 916 3200 de
937 3141 1042 3203 anima
1067 3162 1093 3202 c.
1115 3145 1162 3219 7.)

54 3252 243 3318 sententiam
267 3250 365 3311 firvet.
418 3245 541 3307 Pariter
565 3244 731 3322 ornniurn,
764 3262 846 3327 ‹puee
872 3242 911 3315 ab
933 3244 1026 3305 initio
1051 3244 1160 3320 suerit4

56 3358 235 3421 animarum
250 3347 471 3433 aeqrralitatem
483 3343 641 3424 Origenes
661 3355 767 3406 contre
779 3343 1009 3405 lleracleonern
1025 3353 1160 3403 conteu-
1269 3330 1273 3353 ¹

54 3458 121 3537 dit,
149 3452 366 3519 Tertullianus
382 3468 458 3509 vero
478 3443 535 3523 (de
547 3444 698 3505 animan.
712 3446 779 3522 23.)
798 3454 906 3517 contra
918 3441 1086 3507 Basilirlern
1102 3462 1181 3526 re-,
1270 3442 1273 3455 '

53 3558 130 3638 iicit.
152 3590 196 3607 -
241 3547 462 3616 Occidentales
481 3556 512 3606 et
532 3542 745 3609 Alexandrini
762 3544 933 3623 imaginem
952 3544 1011 3607 slei
1033 3542 1161 3605 homini

55 3657 191 3721 inditam
204 3640 267 3715 esse
277 3652 420 3724 censent,
441 3649 623 3707 hoc-cutem
634 3642 832 3722 discrimine,
852 3658 889 3706 ut
899 3645 1000 3707 schola
1010 3641 1159 3703 Alexan-

57 3759 150 3823 drina
170 3758 230 3818 hac
252 3752 289 3813 in
310 3747 450 3810 doctrina
470 3745 812 3831 Anthropornorphitas
831 3745 999 3829 praecipue
1017 3744 1158 3805 restitans

57 3861 122 3922 sole
148 3858 183 3918 iu
204 3848 333 3939 spiritali
356 3847 497 3929 hominis
522 3858 634 3907 natura
658 3845 831 3925 imaginem
857 3844 919 3905 slei
944 3844 1159 3929 quaerendam

56 3960 122 4021 esse
146 3956 258 4030 dicats
277 3951 494 4015 Tertullianus
517 3959 624 4007 autern
648 3956 681 4007 et
699 3947 765 4031 ipse
783 3943 911 4030 quidem
933 3947 1100 4030 praecipuo
1125 3950 1158 4009 in

56 4057 165 4123 anima
185 4077 256 4117 eam
270 4064 368 4138 ponat
386 4046 522 4131 (Neautl.
538 4046 671 4126 Antign.
685 4068 724 4131 p.
737 4051 834 4129 37¹2),
864 4043 915 4106 sed
930 4068 985 4122 co,
1013 4045 1100 4127 «prod
1116 4046 1158 4109 do

56 4160 170 4225 resurr.
182 4153 282 4218 carnis
301 4174 327 4215 c.
342 4163 371 4225 6.
386 4149 525 4235 primum
538 4149 703 4213 homiuem
719 4148 917 4231 „imaginem
931 4147 1044 4211 (shristi
1058 4149 1158 4211 futuri
