2572 4770
463 332 921 401 ....,7....-.

103 484 225 569 drina3
242 454 300 552 ‘ita
318 483 408 551 enim
421 484 555 555 notabit
574 485 697 569 verba,
721 508 807 577 qnae
826 484 1061 558 'catecheticam
1080 490 1178 559 scho-

103 589 179 654 lam
196 582 395 683 significant,
420 591 541 669 vertit)
566 590 722 679 „primus
734 592 805 679 pots
816 590 973 678 apostolos
986 593 1076 683 apud
1090 592 1180 663 Ale-

105 689 283 756 :andriam
310 692 516 772 Pantaenus,
549 691 712 758 secundus
738 714 802 780 per
831 690 980 760 ordinem
1008 695 1176 782 Clemens,
1234 752 1264 770 ,.

104 794 221 859 tertius
245 791 483 865 administravit
496 793 676 882 Origenes,
699 795 799 881 ipsius
821 792 997 881 discipulus
1011 798 1175 881 ⁸Clemen-

102 892 180 961 tia.“
241 893 388 961 Rufinus
413 895 497 961 nihil
523 898 646 979 voluit,
680 897 740 962 nisi
761 894 895 963 Eusebii
926 894 1030 975 verba
1052 899 1174 970 Latina

101 996 262 1078 reddere3
284 1018 391 1084 quare
403 997 445 1074 de
459 997 527 1084 ipso
541 997 689 1067 iudicare
700 1011 777 1064 ante
789 996 963 1093 nonlicet,
984 1020 1083 1086 quarn
1096 1004 1173 1071 Eu.

100 1098 179 1165 sebii
192 1098 352 1167 sententia
367 1113 578 1188 pertractata.
626 1098 800 1189 Philippus
813 1112 942 1183 autem,
968 1122 1172 1190 quamquam

101 1203 201 1290 plena
220 1200 288 1266 fide
310 1223 381 1267 non
403 1201 537 1288 diguus,
573 1202 697 1292 quippe
722 1208 861 1268 mancus
880 1202 915 1281 in
940 1201 1172 1273 chronolo-
1242 1250 1246 1263 ·

101 1305 166 1390 gia
187 1315 287 1391 atque
312 1302 367 1381 (id
383 1304 470 1391 quod
487 1305 660 1370 dilucidius
673 1303 762 1371 infra
778 1300 969 1392 apparebit.
994 1326 1037 1370 ex
1051 1328 1091 1372 eo
1106 1328 1172 1396 po-

103 1405 275 1487 tissimum,
301 1406 390 1493 quod
404 1397 612 1472 Pantaennnr
628 1407 808 1474 Clementis
818 1408 1035 1478 successorem
1052 1408 1171 1497 appel·
1263 1400 1272 1411 ¹

100 1504 203 1584 lavit)
225 1508 260 1573 in
275 1507 392 1573 ordine
408 1508 655 1577 catechetarum
667 1507 881 1574 describendo
895 1508 1007 1574 minua
1023 1509 1169 1599 diligens,
1244 1502 1247 1507 ⁵

100 1609 361 1701 tamen—nulium
380 1610 512 1693 tradidit
524 1610 728 1679 catechetam
755 1610 892 1686 (omitto
911 1608 1167 1700 hioAthenago·

99 1710 215 1793 ram),
240 1735 341 1799 quern
361 1710 492 1779 [airolae
511 1736 579 1779 non
594 1711 771 1800 p1·aesuiise
785 1708 1166 1781 ostendere'valeremus.

98 1814 214 1902 ltaque
227 1814 327 1881 etiam
347 1813 617 1906 de'Athenagora
630 1815 697 1883 fide
712 1838 779 1880 non
795 1815 931 1901 prorsus
947 1813 1100 1904 indignus
1114 1817 1167 1884 vi-

101 1914 216 1995 detur,
234 1916 428 2004 praesertim
438 1941 519 1997 ,cum
534 1940 644 2005 neque
658 1918 877 2010 intelligatur,
902 1917 959 2002 qui
972 1914 1102 1985 tactum
1118 1920 1167 1999 sit,

100 2030 140 2083 ut
156 2016 198 2082 de
212 2016 442 2107 Athenagora,
468 2019 561 2084 cuius
580 2017 714 2105 quidem
728 2018 798 2083 sata
813 2029 909 2083 vetus
922 2016 1052 2082 historia
1066 2019 1168 2085 mini-

99 2130 156 2184 me'
178 2119 405 2199 conturbavit,
430 2121 466 2186 in
488 2142 643 2186 errorem
661 2116 831 2198 inciderit,
859 2138 970 2202 neque
987 2118 1168 2205 perspicia·
1210 2134 1213 2139 ’
1246 2148 1250 2159 =

99 2234 172 2301 tur,
204 2244 268 2299 cur
285 2222 326 2295 de
349 2223 429 2289 illo
452 2221 605 2287 fabulam
628 2219 775 2286 finxerit.
824 2215 985 2285 Attamen
1005 2219 1104 2285 etiam
1125 2218 1168 2286 de
1230 2216 1235 2231 '

98 2322 313 2412 Athenagora
329 2324 428 2390 fidem
447 2324 593 2413 Philippi
607 2321 797 2410 fragmento
812 2318 1011 2407 denegarem
1020 2367 1040 2401 ,.
1053 2324 1078 2387 fi
1092 2322 1166 2389 Eu·
1190 2316 1193 2323 ’

99 2425 203 2493 sebius
217 2426 327 2493 hucin
339 2449 379 2492 re
391 2426 439 2493 illi
453 2439 657 2515 repugnaret
663 2452 675 2510 3
697 2423 750 2490 sed
763 2420 942 2504 Eusebius,
964 2444 1067 2511 quem
1078 2422 1166 2491 Hie·
1220 2462 1224 2470 ·

98 2549 261 2618 ronymus
277 2528 415 2615 catalog.
436 2553 465 2594 e.
480 2528 541 2596 56.
561 2529 637 2595 coll.
655 2551 682 2593 c.
700 2521 760 2592 38.
786 2522 843 2604 (et
853 2523 1068 2612 Nicephonus
1084 2524 1118 2592 h.
1133 2522 1163 2593 e.
1258 2580 1261 2587 .

99 2629 158 2712 IV,
182 2629 255 2710 32)
277 2632 441 2720 seqnitur,
464 2630 529 2696 hae
544 2632 579 2696 in
592 2654 630 2695 re
643 2628 836 2699 haesitantes
849 2648 910 2691 nos
925 2627 1060 2711 deserit,
1082 2648 1163 2695 narn

99 2755 158 2799 neo
180 2731 435 2822 Athenagoram
457 2747 536 2800 ante
555 2733 763 2799 Pantaennm
788 2720 922 2829 scholae
944 2729 1165 2797 catechetioae

99 2835 305 2923 praesectum
317 2858 385 2903 non
400 2835 496 2902 fuisse
513 2856 655 2923 usquam
672 2832 766 2914 dicit,
789 2853 852 2898 neo
867 2831 1077 2899 Pantaenum
1089 2831 1164 2921 pri-
1250 2868 1254 2885 ι
1277 2876 1280 2885 .

99 2927 337 3005 mnmsoholae
354 2936 562 3026 praesectum
582 2946 764 3023 nuncupat.
812 2932 1066 3021 Athenagoram
1085 2945 1163 3002 ante
1226 2952 1229 2961 ¹

100 3037 304 3108 Pantaenum
319 3039 451 3107 scholae
462 3063 532 3133 non
546 3038 723 3129 praefuisse
736 3057 904 3123 nusquam
920 3034 1014 3119 dicit,
1038 3035 1163 3125 quippe

100 3144 154 3228 qui
165 3141 402 3231 Athenagorae
414 3165 582 3231 nusquam
597 3141 716 3209 fecerit
729 3139 945 3205 mentionem.
996 3139 1067 3226 Qui
1082 3136 1186 3205 onm'

99 3243 139 3310 ob
151 3244 322 3314 doctrinae
338 3245 468 3333 copiam
481 3247 518 3313 in
531 3243 689 3333 operibus
704 3240 916 3330 conspicuam
924 3238 1025 3306 laude
1040 3238 1162 3328 dignis-

97 3351 193 3418 simos
213 3352 267 3430 fit,
296 3361 355 3414 ant
368 3347 530 3418 Eusebius
549 3350 649 3435 ipsius
672 3364 775 3432 opera
795 3338 925 3429 cognita
948 3364 1018 3409 non
1034 3340 1163 3424 habuit,

91 3466 150 3519 'aut
159 3450 330 3541 inscriptio
343 3436 390 3516 eis
404 3449 575 3540 praefixa,
600 3470 667 3537 qne
682 3468 806 3513 nomen
822 3444 983 3524 traditur,
1008 3466 1162 3513 ereden-
1261 3428 1267 3453 '

95 3554 233 3623 tionibus
254 3552 393 3621 demum
412 3550 592 3619 derivanda
608 3555 650 3621 est
665 3546 888 3638 temporibus,
913 3557 952 3613 ut
963 3544 1160 3634 Athenago-

94 3680 148 3725 ras
170 3682 216 3725 ex
234 3656 299 3723 illis
315 3654 437 3736 fuerit,
470 3653 649 3743 dequibus
667 3650 829 3719 Eusebius
850 3648 885 3716 h.
898 3671 926 3714 e.
949 3649 1000 3731 V,
1024 3671 1070 3737 27
1096 3646 1159 3725 aits

93 3754 155 3827 nst
172 3754 281 3828 ime
297 3749 333 3831 bd
352 3751 534 3840 πλείστων,
563 3746 605 3821 oio
625 3747 697 3822 οὐδὲ
714 3742 776 3828 τοὶς
797 3743 998 3845 argemoniae
1014 3747 1158 3838 uorahs·
1223 3812 1231 3847 x

92 3884 160 3945 ’μιν
177 3864 252 3953 ἧμιν
267 3851 413 3939 bonarda,
441 3850 540 3940 ›ii-bos
557 3854 599 3937 air
614 3856 696 3944 ἡμᾶς
711 3846 816 3938 λόγοι·
838 3845 1018 3945 iubeatisne
1030 3846 1091 3937 μὲν
1103 3842 1159 3937 asi
1250 3864 1261 3883 '

91 3962 375 4046 διαλησκστικὸν,
400 3954 444 4039 ὅς
463 3982 509 4044 γε’
522 3950 559 4040 bn*
575 3958 591 4036 »i
608 3951 741 4026 ἑκάστου
756 3949 976 4045 angustiarum
994 3948 1053 4031 riis
1065 3946 1159 4035 θείας
1185 4014 1188 4019 .

89 4068 217 4161 nadis
234 4063 396 4159 dometis,
420 4057 542 4144 dsistas
564 4059 599 4126 δὲ
618 4052 705 4150 ὅμως
727 4057 820 4147 ἡμῖν,
845 4046 897 4121 ist
911 4044 957 4145 ut
972 4038 1032 4134 riv
1048 4072 1158 4143 προςη-

87 4169 195 4264 'rapina
211 4161 371 4255 &innam
384 4168 450 4235 raia
464 4156 754 4256 συγγραψαμὲνων.
808 4157 898 4245 Quia
911 4169 1024 4225 sutem
1039 4153 1158 4222 inscri-
1233 4216 1243 4231 ,

86 4276 240 4367 ptionem
251 4268 474 4343 musterinam
486 4271 550 4342 esse
563 4262 781 4356 demonstrari
792 4258 917 4361 nequit,
940 4255 1057 4330 notitia
1069 4256 1157 4361 ipso-
