2572 4770
391 352 404 393 ·.
438 360 538 378 ···-
589 326 631 399 51
686 346 804 381 -“--’

174 499 314 567 lamiam
331 499 486 587 Origenis
499 500 591 567 sama
603 502 646 565 ad
664 521 763 566 aures
778 502 1001 587 Mammaeae,
1023 510 1140 577 matris
1264 530 1268 535 ·

69 601 259 671 Alexandri
275 604 392 669 Severi
407 602 504 680 (inde
518 604 561 669 ab
577 626 608 669 a.
621 603 788 669 CCXXII.
802 586 1039 691 imperatoris),
1064 610 1140 699 piae

70 720 264 779 matronae,
297 719 512 793 pervenerat,
552 726 637 793 quae
659 718 750 771 tanta
770 706 836 771 viri
859 707 1068 777 celeberrimi
1086 714 1140 781 vi-

71 808 171 873 dendi
194 806 416 895 audiendique
438 807 614 895 cupiditate
632 812 723 887 arsit,
754 820 792 873 ut
806 829 869 896 per
884 810 1001 877 milites
1013 813 1138 881 Antio-

19 908 23 918 '
71 910 179 975 chiam
194 910 468 987 (Hieroncatal.
484 910 653 991 l.l.)eum
667 912 851 976 arcesseret.
899 910 1024 979 Divina
1035 916 1136 1003 ipsius

69 1012 222 1079 doctrina
242 1010 319 1089 satis
347 1011 505 1077 delectata
525 1013 640 1077 rursus
666 1033 745 1077 eum
772 1012 888 1078 dimisit
910 1006 997 1090 (vid.
1014 1016 1134 1087 Euseb.

68 1115 98 1179 h.
116 1139 147 1179 e.
167 1114 222 1181 vt
228 1158 237 1190 ‚
252 1136 292 1179 21
309 1139 320 1195 3
346 1112 389 1178 cs.
403 1113 545 1201 Niceph.
559 1116 610 1197 V,
629 1113 715 1199 17.).
765 1114 894 1197 Postea,
920 1114 962 1180 de
976 1106 1136 1185 sententia

66 1214 273 1303 Hieronymi
286 1214 309 1279 l.
318 1214 342 1279 l.
357 1236 460 1296 „cum
474 1216 542 1280 iarn
555 1214 684 1281 mediae
697 1216 773 1283 esset
787 1214 943 1298 aetatis,“
965 1217 1003 1284 iu
1015 1217 1134 1287 Acha-

11 1309 16 1340 '
68 1320 132 1384 iarn
153 1316 329 1406 profectus
345 1322 401 1397 est,
432 1320 507 1383 telle
526 1318 669 1384 Eusebio
689 1316 724 1383 h.
738 1341 766 1384 e.
783 1320 847 1399 VI,
867 1316 926 1385 23.
947 1312 1134 1404 ἐπειγούσης

10 1420 20 1509 ξ
65 1418 179 1509 χρείας
200 1418 461 1497 ἐκκλησιαστικῶν
482 1410 572 1485 ἕνεκα
590 1411 809 1511 πραγμάτων,
833 1421 1052 1511 -Ilieronymo
1067 1424 1091 1491 l.
1106 1425 1131 1491 l.
1215 1488 1218 1495 ,

10 1516 20 1605 l
65 1534 232 1610 „propter
263 1521 412 1587 ecclesias
438 1520 605 1604 Achaiae,
645 1544 731 1609 qnae
759 1522 913 1609 pluribus
939 1523 1130 1594 haeresibus

64 1621 324 1704 i·exabantur,“
343 1623 403 1688 sub
418 1624 614 1704 testimonio,
644 1623 677 1689 id
695 1624 784 1711 qnod
800 1626 1031 1714 Hieronymus
1046 1630 1130 1711 vult,
1250 1646 1255 1653 '

10 1623 23 1811 l
65 1727 295 1793 ecclesiasticae
308 1726 468 1815 epistolae.
515 1728 630 1813 Itaque
645 1724 774 1795 fallitur
790 1726 945 1811 Photins,
976 1732 1035 1819 qui
1054 1731 1129 1797 cod.
1228 1780 1231 1787 .

15 1836 21 1879 ἑ
67 1825 151 1895 118.
174 1828 359 1915 Origenem
388 1830 451 1895 iter
478 1827 648 1916 suscepisse
673 1824 785 1893 scribit
809 1823 911 1918 χωρὶς
934 1830 995 1896 τοῦ
1016 1826 1126 1901 οἰκείου

63 1922 188 2017 γνώμης
201 1919 385 1997 ἐποσκὸποο.
436 1931 524 1995 Cum
537 1954 599 2017 per
615 1930 829 1995 Palaestinam
843 1930 1014 2013 transiret,
1040 1936 1128 2000 cae-

10 1976 20 2071 l
64 2032 178 2097 sarrae
198 2030 240 2095 ab
259 2030 420 2119 episcopis
439 2030 483 2094 ihi
506 2030 710 2115 congregatis
731 2028 824 2107 (teste
843 2031 1055 2118 Hieronymo
1068 2036 1092 2099 l.
1104 2035 1128 2100 l.

64 2156 108 2214 „a
123 2133 311 2201 'l'heoctisto
332 2146 364 2199 et
378 2130 592 2212 Alexandro,
623 2129 802 2196 Caesareae
818 2124 855 2196 'et
872 2128 1128 2221 Hierosolymo·
1206 2128 1217 2141 “

10 2206 26 2295 ³¹·
63 2258 140 2301 rum
153 2228 359 2323 episcopis“)
383 2234 553 2299 ordinatus
569 2236 611 2299 est
623 2230 801 2321 presbyter
813 2232 954 2308 (Euseb.
969 2232 1004 2300 h.
1019 2258 1048 2299 e.
1064 2237 1141 2319 Vl„
1165 2271 1169 2284 ·

10 2328 14 2347 ³
63 2336 128 2419 253
162 2334 307 2425 Niceph.
328 2338 379 2417 V,
393 2332 457 2413 8.).
519 2337 594 2401 Hoc
618 2336 751 2401 initium
779 2338 821 2401 est
844 2335 1125 2422 persecutionum,

62 2460 147 2527 quae
159 2441 263 2507 vitam
276 2440 374 2526 ipsius
387 2437 639 2503 exacerbarunt.
687 2436 865 2519 „Tanta,“
890 2426 1123 2530 Hieronymus

10 2535 16 2635 J,
59 2540 115 2607 l.l.
134 2542 212 2633 ait,
225 2538 445 2623 „Demetrius
464 2541 500 2605 in
508 2524 592 2605 ‘eum
608 2537 830 2605 debacchatus
850 2542 893 2605 est
909 2540 1052 2627 insania,
1087 2556 1124 2612 ut

17 2654 20 2665 '
57 2664 120 2731 per
142 2650 250 2712 totum
265 2642 543 2729 mundumsuper
561 2642 698 2706 nomine
716 2642 785 2705 eins
804 2640 997 2710 scr·iberet.“
1048 2646 1122 2711 De-

57 2746 197 2813 metrius
210 2769 231 2811 a
244 2744 279 2812 se
292 2745 474 2832 Origenem
490 2743 713 2809 ordinandum
729 2742 825 2807 fuisse
840 2743 937 2825 dixit,
967 2744 1023 2811 alii
1039 2746 1122 2813 Ori·
1155 2810 1158 2819 ,

56 2870 175 2935 genem
204 2846 435 2921 desenderunt.
495 2846 563 2912 Hic
590 2846 716 2912 interea
741 2843 884 2910 Athenis
915 2847 1120 2935 aliquamdiu

57 2948 206 3019 versatus
226 2948 292 3031 (cs.
307 2950 510 3037 Hieronym:
522 2948 546 3013 l.
560 2948 601 3012 l.:
629 2994 650 3028 „
660 2948 746 3014 Cum
756 2992 764 3010 .
773 2958 799 3012 .'.
812 2946 964 3015 Athenas
978 2970 1040 3036 per
1052 2953 1120 3017 Pa·

56 3052 225 3119 laestinam
255 3049 453 3141 pergeret“)
491 3049 571 3129 (ubi
597 3048 816 3115 verisimiliter
823 3096 834 3131 ,
881 3050 949 3123 iarn
976 3051 1119 3140 pridem,

54 3156 99 3223 uti
120 3156 226 3243 supra
241 3154 459 3241 significatum
474 3156 533 3235 est,
564 3150 704 3217 minime
722 3163 801 3229 tunc
816 3152 975 3240 temporis
988 3152 1117 3241 scholas

52 3256 331 3346 philosophorum
356 3256 578 3351 frequentasse
599 3251 794 3342 perhibetur
812 3254 1001 3340 Epiphanio
1021 3255 1117 3325 haer.

52 3358 188 3441 thv,
208 3383 237 3425 1.
251 3372 284 3425 et
297 3358 433 3425 Nicetae
448 3357 589 3423 thesaur.
605 3353 856 3421 orthodox.s1d.
874 3354 932 3421 lib.
947 3358 1008 3425 IV.
1020 3354 1116 3425 haer.

53 3456 149 3551 313),
178 3473 215 3527 et
224 3458 358 3549 posthac
371 3458 448 3525 inde
460 3456 649 3545 Ephesum,
671 3468 710 3522 ut
725 3456 875 3533 videtur,
896 3464 1140 3549 transgressore

52 3558 129 3641 (rid.
140 3562 301 3650 Origenis
313 3562 399 3649 epist.
412 3561 454 3626 ad
468 3560 592 3626 amicos
598 3557 846 3627 Alexandrinos
859 3561 949 3646 apud
956 3562 1113 3629 Ruaeum

51 3662 79 3743 l,
92 3664 116 3737 5
129 3666 180 3755 sq.
205 3678 238 3731 et
259 3660 304 3733 cf.
319 3664 436 3749 Hoetii
450 3663 543 3751 Orig.
558 3660 616 3729 lib.
626 3662 654 3728 I.
672 3682 706 3749 p.
717 3660 805 3743 12),
827 3659 945 3728 itinere
958 3662 1112 3731 consecto
1211 3668 1218 3683 ‘

35 3786 195 3834 'munere
218 3764 452 3833 Alexandrino
476 3758 573 3851 fungi
603 3754 763 3851 pergebat
791 3759 855 3842 (cs.
876 3761 1010 3830 Eusebii
1031 3764 1066 3831 h.
1082 3787 1112 3830 e.

52 3864 205 3952 v1326„
226 3868 288 3935 ubi
300 3867 462 3955 Origenes
480 3860 609 3933 decinis
621 3862 1031 3957 Alexandrilimperatoris
1048 3887 1111 3932 an·

52 3990 91 4037 no
107 3970 327 4039 Alexandria
346 3970 542 4039 Caesaream
562 3966 765 4055 migraturus
782 3964 930 4049 scholam
942 3966 1112 4037 Heracleo

54 4060 258 4163 dereliquisse
276 4072 429 4153 dicitur).
476 4075 534 4140 Ex
548 4069 667 4149 Photio
688 4062 783 4159 (cod.
800 4057 881 4157 318.
895 4067 1035 4161 p.29'7)
1055 4070 1111 4137 in·

39 4176 241 4267 :telligimus,
281 4174 364 4243 duas
388 4187 506 4243 contra
528 4170 710 4261 Origenem
737 4192 760 4235 a
779 4169 954 4239 Demetrio
979 4168 1111 4242 habitus

42 4280 106 4349 dle
122 4276 294 4372 synodos,
329 4274 451 4375 altera,
480 4274 555 4348 veri
573 4272 716 4347 nominis
733 4270 899 4363 synodus,
927 4270 1111 4367 Origenem

834 4370 960 4469 4*ss
