2572 4770
501 270 692 369 moyam.
810 274 844 331 .·
947 240 967 330 ἶ
1122 280 1174 409 ee

54 453 155 521 etiam
170 452 265 517 illum
278 440 443 539 oportebat
454 452 503 534 ei,
530 455 586 540 qui
602 457 702 543 ipsam
723 450 875 534 dederat,
895 454 995 533 talem
1007 452 1172 522 restituere

55 558 190 646 qualem
199 567 375 643 acceperet.
422 555 639 637 Perlignum,
669 554 756 644 quod
773 567 937 642 acceptum
956 560 1017 638 est,
1045 569 1171 643 etpro-

55 662 179 741 jectum
202 657 237 719 in
256 674 337 719 eum
362 656 486 735 locum,
522 658 579 721 ubi
603 669 671 720 erat
696 655 783 743 quod
802 659 1033 744 quaerebatur,
1065 659 1171 723 ιιιιιιι

56 758 255 845 bymniaque
272 758 397 842 semper
417 755 605 821 celebranda
616 781 694 822 crux
709 756 938 838 designabatur.
975 757 1038 823 Per
1051 757 1173 823 Jorda-

58 880 140 925 nem
151 879 227 921 vero
239 856 420 920 immortale
432 859 608 944 baptieme3
629 881 705 923 nam
717 859 752 921 in
767 856 930 922 Jordane
919 879 948 922 re
956 880 1040 945 ,qut
1031 857 1172 924 Jorda-

58 960 289 1038 nemsecerat,
315 958 477 1044 baptizari
498 971 627 1045 propter
653 981 712 1024 noe
736 957 958 1039 dignatusest.
1004 958 1125 1025 Ferri
1113 984 1172 1025 m·

57 1057 185 1127 natatio
199 1059 235 1122 in
253 1059 345 1145 aquia
363 1062 495 1146 ejusque
513 1063 649 1124 accessus
666 1060 709 1124 ad
727 1057 1173 1147 eum,qu1illudamiseret,

56 1147 270 1244 bgnificabat,
292 1181 352 1224 noa
362 1180 422 1247 per
432 1161 648 1246 baptismum
637 1183 672 1224 ιιι
686 1164 853 1241 coelestem
866 1161 1092 1227 sublimitatem
1106 1182 1182 1249 ex7·¹

57 1262 144 1343 tolli,
155 1274 188 1325 et
197 1261 360 1348 pristinam
369 1262 502 1342 gratium
514 1261 671 1349 succipere
681 1273 713 1324 et
721 1274 864 1326 veterem
873 1263 1008 1348 patriam
1018 1263 1172 1351 recipere.

58 1362 170 1430 Verba
194 1363 267 1442 illa,
292 1361 418 1426 Attolle
439 1362 516 1442 tibi,
546 1373 641 1448 atque
660 1364 740 1426 baec
760 1364 839 1442 alia,
866 1362 1019 1433 Extendit
1038 1385 1174 1433 manum

59 1463 238 1551 et'eceepit,
251 1462 437 1543 significant,
450 1483 531 1549 opua
541 1464 605 1524 esse
616 1464 803 1545 uticiemue
820 1466 912 1528 illum
927 1466 1041 1552 ipsum,
1060 1467 1116 1553 qui
1129 1464 1173 1535 ed
1209 1484 1213 1490 '

59 1566 256 1654 baptismum
270 1564 403 1641 accessit,
426 1561 556 1626 credere
567 1560 695 1643 debere
715 1576 748 1628 et
761 1566 943 1631 attollerei.
954 1587 984 1632 e.
998 1567 1175 1648 glorificare

58 1688 101 1731 eo
117 1662 235 1746 modo,
262 1687 318 1752 qur
308 1663 488 1749 baptismi
506 1665 577 1744 lege
595 1685 630 1728 ac
648 1666 788 1729 formula
809 1670 1017 1756 praescriptus
1031 1669 1113 1749 suit,
1139 1679 1175 1735 et

59 1753 134 1833 ittae
150 1787 266 1831 manue
283 1786 369 1828 nunc
388 1776 473 1827 recte
492 1763 533 1826 ad
547 1764 656 1829 Deum
673 1767 865 1851 extendere,
894 1790 973 1857 quae
986 1758 1063 1832 oliin
1080 1790 1176 1834 cotn-

60 1893 156 1937 mruu
146 1867 328 1935 naturalia
342 1887 414 1929 cum
425 1862 556 1928 Adamo
573 1866 701 1930 unionis
714 1870 836 1932 ratione
852 1892 916 1932 non
930 1880 1014 1933 recte
1028 1870 1061 1930 in
1074 1871 1174 1955 plan·-

60 1966 131 2036 lem
148 1972 235 2034 vitae
253 1969 372 2051 injecit.
416 1963 538 2047 Quodsi
561 1965 633 2050 quie
652 1986 792 2031 renuens
810 1981 904 2054 atque
917 1990 972 2047 ea,
993 1991 1075 2055 quae
1090 1968 1175 2035 dtct-
1243 2012 1246 2019 ·

60 2090 154 2151 mue,
180 2071 364 2157 improbans
383 2068 579 2153 baptismum
600 2065 634 2127 in
651 2066 712 2129 hoc
729 2069 900 2154 scripturae
917 2071 988 2132 loco
1006 2072 1175 2157 praenun-

61 2175 140 2239 tiari
157 2173 328 2250 infitietur,
356 2172 395 2234 ab
414 2169 472 2231 illo
491 2166 636 2230 sciscitari
654 2189 711 2255 par
733 2171 796 2248 est,
826 2190 982 2255 quaenam
1003 2172 1043 2235 sit
1060 2173 1175 2241 talium

62 2277 237 2339 verborum
253 2294 289 2335 ac
309 2271 526 2335 narrationum
543 2269 678 2350 utilitas,
706 2290 802 2356 quam
817 2272 990 2357 respexerit
1002 2274 1176 2339 secerscri-
1199 2317 1202 2323 f

62 2389 154 2465 ptor,
180 2356 260 2436 dum
277 2373 357 2436 haec
379 2394 421 2459 po
422 2371 520 2435 suit.”
568 2370 692 2453 (Aliae,
718 2391 797 2458 quaa
811 2371 1083 2466 inposterioriboa
1098 2376 1176 2447 sub,
1205 2399 1213 2428 ι

63 2477 163 2542 necb't
183 2470 363 2556 Didymus,
386 2472 637 2554 hujuscemodi
627 2474 907 2559 interpretationes
927 2473 1078 2538 inducere
1097 2477 1176 2541 lon-

64 2598 143 2660 gum
173 2578 252 2657 est.)
310 2568 462 2653 Accedit,
499 2573 585 2662 quod
611 2574 656 2637 ait
683 2574 822 2637 noster
812 2596 846 2637 ιιι
872 2581 1107 2644 commentariis
1133 2579 1176 2646 ed

64 2699 132 2767 cap
154 2675 231 2742 VII.
256 2676 412 2742 Actorum
438 2673 532 2742 Tom.
550 2676 610 2742 IV.
639 2673 881 2739 Anecdotorum
904 2677 1037 2757 Wolfli,
1076 2684 1176 2747 verba

65 2779 273 2859 Solomonia,
315 2798 397 2865 quae
431 2779 557 2842 exstant
584 2776 830 2841 Proverbiorum
862 2798 928 2863 cap.
945 2779 991 2858 V,
1019 2793 1079 2859 ιο,
1124 2782 1176 2849 Ne
1213 2802 1218 2817 ’

64 2880 188 2946 multoe
211 2881 251 2943 lie
278 2899 350 2943 cum
374 2878 496 2957 aliena,
530 2875 571 2939 de
595 2896 695 2939 uxore
711 2877 826 2939 marito
850 2879 957 2956 juncta
982 2881 1081 2968 accipi
1108 2904 1176 2947 non

60 2984 172 3073 posse,
203 2979 258 3045 sed
284 2978 325 3045 de
354 2980 555 3043 ethnicorum
578 2975 731 3061 sapientia
756 2976 937 3062 accipienda
958 2982 1030 3046 esse.
1088 2982 1177 3049 Neo-

65 3105 134 3148 ιιιιιι
160 3081 328 3163 allegorica
349 3079 568 3168 interpretatio
594 3077 757 3139 invenitur
780 3076 867 3164 apud
884 3079 1065 3146 Nicetam
1053 3105 1089 3146 ιιι
1109 3080 1177 3157 Ce-

65 3197 143 3250 tene
163 3184 198 3247 in
219 3180 334 3248 Iobum
352 3180 379 3261 Ι,
401 3194 432 3248 2.
488 3180 571 3246 Cum
589 3179 678 3241 enim
697 3175 776 3240 Iobo
794 3181 916 3263 septem
941 3183 1024 3246 filios
1051 3204 1087 3247 ac
1111 3197 1178 3251 trea

10 3290 12 3309 ¹
66 3287 151 3352 iliae
175 3286 268 3348 fuisse
294 3293 400 3346 narret
426 3280 471 3343 ibi
494 3283 578 3344 sacer
607 3278 754 3365 scriptor,
796 3277 957 3360 Didymus
982 3285 1065 3349 binia
1089 3285 1179 3350 bisce

10 4044 38 4207 s:

67 3387 213 3452 numeria
234 3386 364 3467 mystice
386 3382 522 3467 acceptia
544 3384 665 3467 septem
688 3379 815 3464 spiritus
838 3381 934 3442 sancti
961 3379 1044 3447 dona
1065 3407 1100 3448 ac
1123 3382 1179 3448 di-

66 3489 218 3577 vinorum
240 3485 445 3570 personarum
466 3481 643 3546 trinitatem
670 3477 823 3559 designari
843 3481 904 3560 ait,
937 3477 991 3547 iro
1014 3477 1179 3566 μάθωμεν

66 3581 130 3676 cair
145 3581 182 3652 se
199 3578 314 3669 τριάδι
331 3579 447 3647 πίστιν
467 3581 529 3665 τῆς
547 3574 698 3667 ἑβδόμης
706 3571 845 3665 χάριτος
865 3569 950 3646 εἶναι
965 3577 1176 3670 δημιουργόν.

106 3686 317 3774 Apparet,
346 3682 481 3765 Didymi
500 3683 771 3747 hermeneuticam
787 3682 940 3753 vitiorum
957 3706 1022 3747 non
1038 3685 1100 3745 esse
1115 3705 1179 3748 ex·
1221 3710 1225 3719 ¹

67 3800 212 3877 pertem3
239 3805 345 3872 neque
358 3797 466 3847 tamen
480 3785 704 3869 prohibemur,
732 3782 810 3867 quin
822 3803 897 3846 eum
917 3782 957 3847 de
976 3785 1180 3864 grammatice

67 3889 240 3977 scripturae
256 3888 360 3949 sacrae
377 3885 639 3970 interpretatione
651 3882 870 3972 promovenda
886 3885 1007 3972 optime
1026 3884 1179 3950 meritum

66 3994 139 4072 jure
154 3987 336 4077 praedicere
349 3983 526 4053 videamur.
