2572 4770
376 234 546 329 Origenee
572 230 857 331 (Cbrzflolog'r'o).'
916 247 918 251 ’
959 186 962 195 ¹
1097 240 1171 309 277

57 406 1174 504 '’Nemo„,'dieit,”fibiperluedeetnemolemetiplumdecipiet3ex-

56 528 108 581 tre
120 513 342 580 hencdnmum
352 517 374 582 i.
383 537 412 581 e.
427 512 943 582 extraecclefiemnemolnlvetur.
970 515 1055 580 Nem
1067 514 1173 602 liquis

56 620 146 681 forae
162 618 292 697 exierit,
313 617 425 681 mortis
435 616 511 681 fune
521 618 589 705 iple
601 618 639 681 fit
651 639 734 681 reue.
767 617 828 681 Hic
840 615 965 697 languis
978 617 1024 678 elt
1035 616 1172 697 lignum,

58 708 448 806 quiehiceltpurificatio,
463 717 993 805 queeperlanguinemconltnt‚,).
1006 751 1049 765 -
1076 713 1174 795 „Pe-'-
1214 721 1220 731 ‘

56 830 108 882 tre
127 812 235 881 eutem
251 817 399 880 eccleliao
417 821 462 880 elt
479 818 584 882 omnis
602 817 771 907 discipulus
785 816 914 897 Christi,
941 814 1058 904 dequo
1074 815 1173 879 bibe-'-

57 922 154 998 bant,
178 919 233 1004 qui
246 919 398 981 bibebant
411 916 452 983 de
462 918 592 1005 spiritali
604 923 815 1006 consequente
825 929 916 1004 petre
929 920 963 997 (ι
975 915 1046 983 Gor.
1058 915 1103 997 X,
1117 919 1174 999 03

59 1032 92 1085 et
115 1022 209 1104 luper
232 1019 408 1105 quamlibet
426 1015 587 1097 ¹ejusmodi
606 1031 730 1105 petram
747 1017 931 1082 aedificetur
949 1018 1054 1080 omnie
1066 1020 1172 1081 lermo
1197 1084 1204 1095 ,
1242 1010 1247 1015 ⁵

59 1119 285 1185 ecclellalticus
305 1128 339 1180 et
359 1118 444 1180 vitae
464 1121 556 1199 juxta
575 1119 677 1207 iplum
696 1121 856 1184 inltitutee
872 1119 970 1202 ratio,
999 1118 1173 1204 unicuique

59 1222 150 1286 enim
171 1214 314 1306 perfecto
336 1210 469 1280 hebenti
490 1222 766 1302 congregationem
790 1224 975 1284 sermonum
994 1216 1173 1282 beatitudi-

60 1342 138 1385 nem
158 1318 391 1406 perficientium
404 1329 437 1380 et
452 1340 587 1406 operum
598 1334 632 1385 et
643 1314 943 1404 cogitationumldv
959 1309 1090 1403 ἑκάστῳ
1106 1310 1173 1403 yde

59 1419 128 1507 τῶν
149 1412 284 1482 τελείων
304 1410 444 1498 ἐχόντων
464 1417 504 1485 τὸ
524 1409 701 1510 denotabo
720 1422 786 1487 τῶν
808 1413 1091 1505 συμπληρούιτων
1110 1411 1198 1502 τῆν’

59 1510 291 1605 μακαριότητα
315 1512 423 1603 λόγων
448 1521 508 1585 καὶ
527 1513 634 1608 ἔργων
663 1522 721 1587 καὶ
744 1514 933 1608 νοημάτων)
961 1520 1042 1582 inelt
1065 1520 1176 1582 eccle--¹

53 1620 106 1683 'fin
125 1618 228 1711 clleo
248 1617 422 1682 aedificate.
463 1618 499 1683 si
516 1643 596 1687 vero
615 1624 708 1710 super
722 1644 824 1688 unum
836 1624 932 1686 illum
949 1616 1175 1684 tantummodo

58 1719 194 1787 Petrum
214 1733 317 1784 totum
336 1719 498 1782 ecclelinm
517 1743 537 1785 e
555 1721 627 1789 Deo
648 1722 1003 1802 aedificari-arbitreris,
1031 1719 1109 1808 quid
1129 1718 1178 1784 de*

58 1819 209 1884 Johenne
235 1867 243 1882 .
268 1867 277 1883 .
304 1830 337 1881 et
364 1839 560 1906 unoquoque
586 1824 800 1908 apostolorum
825 1820 970 1887 dixeris?
1013 1821 1178 1910 Alioquin·

59 1942 105 1985 an
132 1919 322 1983 audebimus
349 1917 455 1983 dicere
475 1932 590 2007 -portee
617 1922 715 1989 interi
739 1912 903 2010 lp'eoiutim
928 1918 1078 1986 edve'rlue
1105 1921 1175 1986 Pe-

57 2032 149 2085 trum
169 2042 235 2082 non
255 2021 503 2106 pr'eevnlituree,
537 2023 767 2108 praevalituras
791 2035 900 2086 nutem
918 2019 1067 2085 edverlun
1090 2021 1175 2085 rell-

59 2143 144 2210 qune
174 2121 332 2208 epoltoloe
361 2131 394 2184 et
418 2120 604 2206 perlectos?
643 2122 761 2189 Nonne
786 2144 865 2189 vero
894 2119 935 2186 de
961 2123 1111 2187 omnibns
1138 2132 1175 2186 et

58 2223 105 2285 de
127 2221 179 2284 his
204 2221 334 2302 lingulis
356 2219 476 2285 dictum
498 2222 546 2285 elt
564 2220 678 2290 Mettlr.
696 2223 792 2307 XVI,
817 2237 856 2292 18
877 2272 885 2288 .
910 2222 970 2289 .?’'
1014 2221 1074 2305 (T.
1092 2218 1180 2303 XII,¹

62 2339 114 2393 ιο.
144 2335 180 2389 11
211 2321 247 2383 in
273 2319 387 2386 March.
415 2320 573 2405 voltlll,
596 2329 680 2408 ⁶24)
721 2325 871 2406 (Temen
890 2357 935 2376 ··-
960 2324 1023 2388 eliu
1048 2323 1175 2395 ratione

57 2422 297 2493 habitu—ib
319 2420 360 2488 T.
381 2416 477 2505 xm,
499 2417 607 2512 tlon.
629 2438 701 2495 613
723 2434 801 2495 614·
839 2425 997 2511 ‚,snn0”,
1025 2422 1085 2502 eit,
1119 2422 1175 2505 „fi

59 2524 106 2594 cd
136 2523 326 2606 evangelicu}
349 2524 484 2611 scripte
494 2524 641 2591 ocimum
670 2527 840 2611 diligenter
869 2526 1084 2606 advertimus,
1128 2522 1176 2589 ibi

33 2658 38 2664 -
59 2648 215 2710 magnum
227 2623 431 2688 inveniemus
443 2622 633 2710 discrimen,
655 2641 688 2693 et
702 2630 925 2695 excellentiam
939 2649 1069 2705 eorum,
1091 2637 1177 2725 quae

61 2730 175 2808 Petro,
202 2746 279 2814 pree
298 2724 339 2788 its
354 2744 437 2810 quae
450 2724 527 2790 eliie
535 2726 619 2791 dictn
631 2731 720 2811 lunt,
745 2732 843 2794 etiem
855 2730 890 2792 in
902 2729 943 2791 iis
954 2730 1066 2805 rebus,
1079 2743 1176 2829 quae

61 2829 218 2898 Petrum
208 2839 292 2891 mter
307 2846 447 2913 eosque,
475 2826 530 2914 qui
540 2840 592 2892 ter
601 2831 719 2895 fratres
733 2834 994 2912 objurgaverunt,
1023 2802 1177 2889 eordmu-

62 2952 125 2999 που
141 2933 207 2994 elle
219 2927 380 2991 videntur.
429 2926 496 2992 Nec
508 2928 605 2993 enlm
602 2931 727 3014 exiguo
740 2931 918 2997 differentia
931 2932 977 2995 est
989 2930 1094 2992 claves
1106 2938 1176 2991 nou

61 3034 162 3099 onim
177 3028 261 3095 coeli·
273 3030 423 3108 I',etrum
438 3027 494 3094 led
506 3032 719 3120 plurimorum
733 3035 900 3122 eceepill'03
923 3043 955 3095 et
968 3048 1178 3145 quaecunque

61 3140 159 3224 luper
181 3145 299 3197 terram
320 3131 518 3233 alligaverit,
546 3150 614 3196 nnn
633 3133 667 3196 in
689 3155 755 3197 uno
773 3136 880 3213 coelo,
900 3131 983 3196 led
972 3156 1007 3195 m
1025 3118 1176 3199 omnibus*

61 3240 163 3321 ligeto
180 3236 276 3315 elle,
284 3253 362 3320 pree
376 3232 521 3319 plurlbue
535 3232 624 3312 eliis,
645 3254 701 3321 qur
690 3235 808 3322 super
820 3245 936 3296 terrem
950 3245 983 3297 et
996 3235 1128 3315 alligent
1141 3240 1177 3297 et

61 3341 210 3417 l'olvunt,
238 3336 281 3398 ite
302 3346 340 3398 nt
358 3336 439 3401 haec
456 3328 589 3415 elligntn·
598 3346 633 3397 et
648 3336 748 3398 lolute
762 3337 901 3401 lintnon
911 3335 1078 3414 incoelis,
1099 3326 1178 3396 ficut

62 3440 162 3506 Petro
176 3423 353 3502 concellum
368 3437 429 3516 elt,
456 3418 757 3500 redinunocoelo·
750 3442 890 3522 ,neque
908 3438 995 3500 enim
1015 3457 1055 3499 eo
1070 3444 1177 3521 penei·

64 3538 174 3606 trendi
193 3538 345 3600 facultate
363 3537 503 3625 pollent,
531 3534 804 3621 quemadmodum
823 3535 954 3612 Penne,
985 3548 1021 3599 ut
1043 3534 1176 3627 alligent

64 3642 122 3707 vel
141 3638 298 3704 solvent
287 3660 323 3701 ιιι
343 3635 492 3700 omnibus
512 3638 619 3702 coelis.
668 3634 744 3716 Ouo
763 3638 969 3723 praeltentior
986 3657 1061 3717 ergo
1077 3633 1188 3698 luerit-

67 3742 126 3832 qui
144 3741 272 3822 alligat,
305 3759 345 3801 eo
364 3738 488 3801 felicior
509 3760 565 3826 qur
554 3737 681 3801 fuerit
706 3739 844 3819 solutus,
881 3758 953 3801 cum
971 3738 1006 3800 in
1024 3737 1176 3803 omnibus

65 3838 167 3933 plene
185 3840 283 3905 coelis
299 3840 419 3902 lolutue
437 3839 533 3921 fit³’).
575 3837 782 3919 ·„Quoniam
789 3850 898 3903 nutem
911 3859 966 3923 qur
957 3839 1177 3929 epilcopetud

66 3949 176 4014 locum
190 3940 379 4019 vendicent,
407 3938 528 4003 dictum
546 3940 618 4004 hoc
615 3943 792 4026 usurpent,
819 3940 898 4006 licut
912 3938 1041 4017 Petrus,
1069 3946 1103 4001 et
1119 3958 1179 4005 ece

67 4046 171 4133 ceptis
194 4064 212 4106 ι
231 4047 388 4107 servatore
410 4043 550 4106 cleribus
572 4042 663 4121 regni
687 4044 848 4107 coelorum
872 4039 986 4102 docent
1004 4060 1060 4119 ee,
1095 4058 1179 4126 queo

69 4150 138 4216 ele
156 4144 252 4231 ligeto
269 4146 357 4228 lunt,
385 4144 448 4210 hoc
464 4145 509 4209 elt
520 4141 748 4229 condemnate,
774 4142 870 4226 ligate
889 4139 953 4208 elle
972 4151 1006 4205 et
1018 4141 1053 4207 in
1070 4140 1181 4229 ecelin,
