2572 4770
801 124 819 159 1

167 272 365 373 Ι(ι’λοαιονιι
388 273 534 369 (Angel.
550 286 585 343 et
599 273 827 362 DoemonoL,
850 273 1059 371 Απιλτοριι)
1127 288 1207 355 tta

85 444 241 530 τωλοδς·
268 448 344 532 οὐχι
363 451 402 520 tii
425 449 512 520 αὖτδ
532 450 576 519 τὰ
587 449 761 537 πνεύματα
775 451 867 524 δν
826 478 870 545 τη
885 478 947 524 του
929 452 1110 524 ἀπίστου
1124 478 1208 525 rnr-

88 556 199 622 οικεῖν
218 555 313 640 mr}
332 552 454 639 λέγει),
483 553 568 619 sed
557 580 593 620 ιιι
611 557 773 645 peccando
794 561 902 643 potius
920 556 1112 646 συνδργειαν
1131 560 1208 625 δία·

89 660 188 723 ιιοιαι
199 669 345 735 exercet,
368 675 465 742 quam
477 649 645 742 ἐνέργειαν
657 656 734 737 (Str.
751 657 827 739 VH,
843 673 892 740 ιι,
908 665 995 744 871).
1047 663 1127 742 „Na
1144 672 1209 725 aut·

96 772 163 823 tem
183 758 305 835 dicant,
336 769 534 843 peccatorem
555 758 748 846 delinquere
762 781 821 845 per
842 758 1036 825 daemonum
1055 764 1208 829 obieffio·

96 860 197 923 nam’‘
211 859 288 940 (Str.
303 858 363 935 VI,
384 870 432 933 12,
449 861 541 937 789)3
568 857 624 921 sed
644 871 796 938 „tentare
809 863 995 946 permissum
1010 866 1055 927 eit
1068 862 1206 944 diabolo,

92 962 211 1048 partim
232 957 319 1047 quod
331 981 389 1022 noa
402 981 444 1022 ex
457 960 549 1022 nobis
561 961 636 1046 ipiin
648 954 752 1024 salvoa
768 961 831 1023 eise
847 975 1009 1048 oporteat,
1029 965 1208 1029 occatiouea

93 1082 138 1127 ex
148 1063 327 1149 praeceptis
340 1061 547 1149 accipientem
568 1062 686 1147 partim
701 1073 737 1125 ut
752 1073 891 1127 tentator
902 1066 919 1127 i
916 1086 957 1151 pe
971 1063 1026 1127 iun
1039 1066 1206 1128 frustratu

91 1162 219 1251 pudore
232 1160 447 1241 suffundatur,
466 1174 500 1224 et
514 1162 631 1247 partim
646 1174 777 1249 propter
792 1184 905 1227 eorum
922 1164 1209 1245 confirmationem,

95 1266 151 1352 qui
165 1265 284 1328 suntin
300 1264 446 1342 ecciefia3
468 1261 608 1348 denique
619 1277 749 1349 propter
760 1284 873 1328 eorum
887 1266 1125 1346 conscientiam,
1151 1264 1209 1353 qui

94 1377 274 1446 martyrum
289 1364 496 1427 constantiam
508 1362 657 1428 admirati
669 1367 766 1428 iunt”
782 1363 860 1445 (Str.
874 1365 934 1447 lv,
950 1380 1000 1446 12,
1015 1369 1104 1446 601).
1143 1364 1210 1431 Li-

95 1479 148 1530 cet
165 1486 243 1529 vero
265 1462 411 1527 diabolus
431 1462 512 1527 adeo
533 1485 553 1526 a
572 1464 645 1528 Deo
663 1467 757 1544 abiit,
789 1478 899 1531 tamen
917 1459 1133 1545 αὐτεξούσιος
1152 1455 1207 1544 u'ir,
1232 1462 1236 1481 '

93 1565 301 1651 μετανοῆσαι
315 1552 387 1640 οἶός
401 1559 492 1631 ἐστιν
508 1564 588 1645 (Str.
604 1564 632 1645 1,
650 1578 699 1648 17,
718 1577 789 1633 887.
806 1571 851 1649 8).

484 1735 828 1821 Anthropologia.

180 1853 220 1919 In
246 1850 452 1917 enucleandis
472 1850 646 1916 Clementia
675 1851 716 1916 de
740 1855 874 1917 homine
893 1850 1057 1919 sententiis
1077 1872 1209 1937 agamur

94 1951 238 2041 primum
252 1952 417 2017 denatura
433 1952 602 2016 hominis
591 1974 627 2014 ια
641 1954 827 2017 universum
844 1966 878 2019 et
891 1953 967 2018 dein
983 1952 1025 2017 de
1038 1954 1210 2042 depravata

96 2066 213 2118 natura
227 2058 367 2118 humana
380 2054 560 2139 separatim.

182 2157 289 2218 Homo
301 2156 435 2241 quisque
448 2175 492 2217 ex
500 2132 676 2219 Clementia
688 2157 843 2221 sententia
845 2175 951 2244 ‚qnae
964 2154 1211 2221 ouml'latonica
1252 2231 1255 2235 .

99 2262 149 2340 (et
159 2258 309 2337 Paulina)
321 2255 488 2334 convenit,
508 2257 610 2320 tribue
624 2259 802 2322 continetur
816 2258 957 2345 partibus
969 2258 1027 2336 (ex
1042 2255 1213 2337 allegorica

99 2358 265 2439 decalogi'
256 2358 517 2443 interpretatione
531 2355 661 2439 decem,
688 2360 752 2426 Str.
767 2358 827 2440 VI,
843 2372 893 2440 16,
911 2371 989 2438 8083
1011 2348 1087 2421 ἔστι
1101 2353 1139 2423 δδ
1153 2355 1214 2423 καὶ

99 2454 201 2534 δέκας
211 2476 266 2532 τις
277 2457 358 2543 περὶ
373 2448 431 2522 τδν
443 2445 628 2546 ὅνδρωπον
641 2450 743 2524 αὐτὸν
748 2505 760 2536 ,
780 2453 823 2524 τά
837 2480 874 2525 τε
889 2449 1098 2544 αἰσθητήρια
1112 2451 1214 2523 πέντε

99 2558 157 2624 καὶ
175 2551 215 2622 τὸ
238 2553 427 2644 φωνητικὸν
444 2557 502 2623 καὶ
515 2552 556 2623 τδ
571 2550 808 2645 σπερματικόν.
849 2559 907 2624 καὶ
921 2557 1022 2623 τοῦτο
1036 2551 1077 2643 δι)
1093 2546 1214 2643 δ’γδοον

98 2657 141 2726 τδ
161 2652 247 2723 κατὰ
262 2653 322 2746 τὴν
340 2656 466 2726 πλάσιν
486 2652 726 2741 πνευματικόν·
757 2653 891 2724 ἔννατον
912 2657 950 2724 tt
965 2653 1004 2724 ιδ
1019 2652 1214 2744 ἡγεμονικὸν

99 2759 162 2847 τῆς
185 2758 313 2844 ψυχῆς,
341 2758 398 2826 καὶ
417 2756 557 2826 δέκατον
572 2756 613 2826 ιδ
633 2756 691 2825 διὰ
706 2757 768 2846 τῆς
787 2755 934 2837 πίστεως
957 2752 1216 2845 προςγινόμινον

100 2854 200 2945 αγίου
219 2852 410 2941 πνεύματος
429 2855 733 2949 χαρακτηριστικόν
754 2853 913 2943 ἰδίωμα),
943 2881 1075 2945 corpore
1093 2870 1127 2923 et
1147 2858 1216 2922 tiu-

99 2962 177 3049 plici
191 2962 318 3041 anima,
345 2966 434 3042 cujua
446 2967 519 3028 funt
532 2973 640 3048 partes
659 2955 777 3045 λογικι)
790 2955 882 3047 ψοχι)
889 3005 901 3039 ,
922 2959 1000 3037 νοῦς
1011 2958 1091 3041 (Str.
1103 2961 1147 3041 V,
1163 2967 1215 3045 18,

103 3073 185 3143 708,
205 3062 266 3141 VI,
281 3073 311 3140 8,
326 3069 404 3145 774)
424 3075 459 3127 et
475 3058 648 3146 σωματικὴ
667 3055 781 3147 ψυχὴ,
807 3060 938 3143 πνεῦμα
961 3052 1099 3147 δ’λογον,
1126 3082 1218 3151 σαρ-

101 3159 197 3229 ιιιιιδν
224 3162 556 3245 <sn.v11‚12,aao;
587 3160 647 3242 VI,
670 3174 720 3240 16,
739 3165 827 3241 808).
885 3161 1005 3225 Anima
1028 3156 1216 3251 (οωματιιι)

101 3257 211 3349 ψυχὴ)
236 3262 349 3328 aDeo
368 3266 414 3328 eit
432 3266 516 3327 iacta
538 3264 576 3342 (i.
596 3265 618 3327 l.
639 3285 672 3349 p.
688 3266 784 3342 808),
815 3281 909 3325 mena
933 3282 952 3325 a
970 3262 1042 3326 Deo
1064 3264 1217 3352 inspirata

103 3368 181 3446 (1.1.
200 3388 233 3451 p.
249 3370 345 3447 708),
378 3364 485 3447 imago
505 3363 567 3431 τοῦ
588 3356 691 3449 λόγου
714 3361 810 3443 (Coit.
830 3374 880 3443 10,
895 3365 962 3442 78).
1017 3362 1219 3453 saepissume

101 3479 213 3531 tamen
225 3468 270 3529 ita
286 3467 436 3531 Clemens
447 3466 549 3530 utitur
561 3465 718 3529 vocabulo
733 3458 862 3548 ψυχῆς,
879 3472 915 3524 ut
927 3460 967 3524 da
980 3463 1036 3527 illa
1049 3466 1219 3553 utriunque

103 3569 230 3634 animae
244 3565 453 3655 discrepantia
467 3589 534 3631 non
547 3566 731 3659 cogitaverit
745 3560 848 3649 (quoti
864 3583 907 3626 ex
919 3563 1060 3650 plurium
1070 3565 1219 3633 locorum

102 3670 258 3734 tententia
276 3672 379 3732 statim
393 3690 449 3754 per
463 3672 494 3731 ie
507 3669 698 3753 apparebit).
741 3665 811 3729 Hoc
830 3666 877 3727 est
894 3664 1034 3750 corporis
1051 3662 1219 3751 animique

104 3769 275 3834 discrimen
294 3768 372 3848 (Str.
385 3768 445 3847 IV,
463 3779 492 3848 8,
508 3772 602 3850 887)ι
633 3763 683 3831 Τὸ
703 3761 766 3849 μὲν
786 3763 883 3848 σῶμα
904 3763 965 3849 γῆν
982 3782 1020 3827 τι
1039 3754 1217 3848 ἔργᾶζιτατ

33 3880 39 3887 ’
103 3893 161 3937 ναι
151 3863 360 3936 σπευδει
330 3888 380 3944 εις
392 3890 468 3956 γην
494 3863 632 3934 τέταται
646 3858 716 3955 δδῆ
732 3859 824 3953 ψυχὴ
840 3859 977 3951 πρὸς
940 3885 999 3929 τον
1008 3856 1163 3926 θεόν
1097 3884 1218 3982 ηγι

104 3970 165 4038 διδ
183 3964 411 4090 polocronius
412 3968 473 4055 τῆς
494 3959 647 4054 ἀληθοῦς
667 3959 912 4081 παιδευομένη,
942 3956 1030 4047 πρὸς
1049 3958 1129 4039 τοὺς
1147 3983 1218 4031 ανον

104 4066 247 4139 σπεύδει
265 4070 445 4155 συγγενεῖς,
472 4057 732 4153 δποστραφεῖσο
751 4064 818 4130 τῶν
835 4062 897 4128 τοῦ
915 4055 1069 4144 σώματος
1085 4057 1217 4130 ἐπιδιν-

102 4172 202 4265 μιιῦν.
252 4173 406 4258 Corpus
431 4188 539 4256 nequa
556 4170 681 4237 bonum
698 4169 762 4253 eit,
788 4182 893 4255 noque
908 4164 1050 4251 malum,
1069 4164 1127 4235 iod
1139 4184 1218 4255 ttae:
