2572 4770
25 218 101 293 arc
345 212 544 309 capnt.
579 176 833 309 mmm

22 388 196 459 burcurt
215 402 251 459 et
269 391 418 462 lrebitnrn
440 396 521 479 nnc,
553 416 638 485 quoe
659 398 748 475 tunt,
779 412 863 482 quae
879 390 1143 457 fotura-lentot

15 491 115 581 priua
130 494 272 559 fuerunt.
318 492 433 569 Gnofin
452 509 563 563 eutem
578 498 645 584 ipl'a
663 500 725 578 eit,
746 517 829 583 quae
841 516 899 582 per
910 494 1136 559 tammonem

22 588 67 671 ad
82 614 203 683 paucos
222 598 431 683 “apostolic
450 601 570 686 obeque
587 600 708 685 scriptia
725 596 841 662 tradite
855 596 1011 682 pervenit.
1052 594 1138 659 Hinc

24 708 103 773 argo
114 695 235 776 gunfis,
254 700 309 761 ieu
327 699 513 787 sapientiam
526 701 632 765 marie
644 698 767 778 dicere,
796 708 981 760 exerceatur
998 706 1137 783 oportet,

27 788 131 869 donec
159 799 389 884 perveniat-ad
413 802 692 889 contemplationis
719 801 865 863 habitum
886 810 1074 879 aeternum,
1103 796 1142 861 in

14 890 126 983 'quem
138 921 203 963 non
218 899 302 966 cedit
314 904 468 969 alteratio.
476 904 496 937 '’
543 902 593 968 lb.
607 925 633 966 c.
650 914 699 969 15.
721 924 753 991 p.
771 915 831 970 799
847 904 908 989 lq.:
928 898 1068 981 „Infilio
1084 918 1139 964 ω

26 996 164 1082 (olene),
194 1023 276 1088 quae
295 1018 387 1069 erent
403 1005 551 1084 inutiles,
577 1004 655 1067 iccit'
675 1005 862 1086 generosae,
893 1013 926 1066 et
944 1020 1029 1088 quae
1049 1008 1142 1065 erant

25 1096 165 1183 nemu,
193 1104 277 1186 cogit
290 1106 353 1169 elle
370 1107 513 1187 fertiles,
539 1116 609 1169 crte
627 1105 836 1185 agriculturae
856 1115 890 1167 et
908 1102 1038 1166 scientia
1055 1118 1140 1183 gno-

20 1192 112 1267 ’Μαι
168 1202 273 1283 Ajunt
301 1219 411 1273 autem
440 1208 623 1271 inlitionem
647 1206 718 1271 lieri
740 1218 876 1293 quotuor
901 1200 1028 1266 modic:
1063 1222 1143 1285 nno,

28 1321 96 1389 quo
111 1303 197 1368 inter
211 1307 336 1387 lignum
356 1321 388 1371 et
406 1310 556 1373 corticem
577 1319 704 1394 oportet
721 1328 797 1370 enm
816 1303 967 1391 adaptare
984 1302 1041 1391 qui
1052 1302 1146 1368 infe-¹

27 1402 92 1482 rit,
119 1426 183 1491 quo
203 1404 335 1492 quidem
356 1409 455 1475 modo
474 1412 703 1475 catechismum
722 1407 912 1493 succipiunt,
939 1404 994 1491 qui
1012 1404 1088 1469 'lunt
1101 1422 1147 1469 ex

27 1504 180 1583 gentibue
204 1506 345 1589 idiotee,
382 1513 437 1599 qui
458 1514 596 1601 rcrlrpm
619 1511 778 1595 accipiunt
802 1509 837 1570 in
866 1505 1051 1592 &perficior
1091 1508 1145 1571 el·-

27 1613 120 1685 tero,
147 1606 276 1693 quando
296 1610 384 1691 liguo
404 1612 473 1678 lilio
491 1614 526 1677 in
547 1614 650 1699 iplum
671 1612 815 1697 plantam
831 1610 1017 1690 generosam
1030 1608 1146 1675 immi-

28 1702 142 1799 tarint,
163 1707 251 1794 quod
266 1710 398 1796 quidem
411 1714 525 1778 accidit
537 1714 573 1777 in
585 1714 643 1792 iic,
666 1714 722 1800 qui
737 1714 808 1774 lunt
820 1708 1047 1796 philosophati.
1089 1704 1147 1777 Ele

29 1805 119 1869 enirn
130 1804 271 1874 dissectis
282 1803 702 1898 dogmatibncingenerotur
713 1813 833 1894 agnitio
844 1810 1007 1890 veritatia3
1024 1810 1073 1875 ita
1084 1828 1150 1875 an·

30 1906 396 2002 temdudaeie-quoquc
417 1929 526 2004 aperta
547 1918 651 1981 veteri
663 1914 829 2002 scriptura,
850 1931 934 1976 nova
947 1920 981 1973 et
996 1912 1149 2007 peperolo

29 2008 142 2097 planu
160 2014 251 2076 oleae
270 2015 426 2083 inseritur.
480 2018 590 2085 Tertio
608 2018 713 2081 inlitio
737 2017 873 2098 agrestes
890 2010 991 2093 tangit
1011 2022 1046 2074 et
1065 2010 1150 2076 ltre-

30 2111 165 2195 telicoc,
205 2116 261 2203 qni
284 2118 319 2180 ri
336 2120 506 2183 trahuntur
530 2119 572 2182 ed
593 2119 779 2197 veritatcm3
813 2136 888 2179 nam
917 2132 992 2175 cum
1020 2123 1152 2177 utrum-

31 2230 98 2299 que
111 2215 272 2280 furculum
284 2217 366 2282 falce
379 2231 470 2283 acuta
483 2219 673 2298 deraserint,
706 2216 808 2279 donec
823 2212 1002 2278 medullam
1011 2212 1153 2301 quidem

1 2303 241 2397 '‘nudaverint,
281 2318 337 2383 led
363 2341 430 2383 non
457 2320 685 2396 ulceraverint,
715 2316 785 2379 'eas
811 2315 895 2378 inter
928 2316 960 2378 l'e
992 2315 1151 2384 vinciunt.

33 2406 177 2493 Quartus
195 2413 312 2481 modun
333 2418 489 2484 infitionis
514 2421 560 2483 eit
585 2438 668 2506 quae
689 2414 805 2481 dicitur
826 2414 1017 2499 inoculati03
1049 2437 1071 2481 a
1093 2436 1156 2500 ge-

33 2514 147 2576 neroso
161 2516 249 2578 enim
262 2528 375 2581 trunco
392 2519 626 2583 circumciditur
640 2518 768 2596 oculus,
789 2518 834 2580 ita
850 2530 888 2579 ut
903 2537 977 2580 curn
990 2536 1031 2581 eo
1043 2518 1080 2581 in
1096 2540 1157 2585 or-

34 2610 111 2677 bem
125 2628 235 2681 cortex
247 2619 533 2700 circumscribatur,
545 2621 642 2684 unius
654 2619 755 2706 palmi
765 2616 997 2698 magnitudine.
1023 2616 1165 2687 Deinde.

32 2716 214 2802 aequaliter
234 2742 309 2785 curn
328 2725 422 2786 oculo
443 2723 693 2807 circumscriptus
714 2718 857 2783 eraditur
878 2730 1029 2799 truncua,
1057 2732 1094 2784 et
1113 2722 1159 2789 lic

35 2813 221 2883 immittitur
242 2823 478 2905 circumligatur
493 2835 529 2889 et
548 2825 619 2887 luto
641 2821 854 2899 circumlitus,
885 2821 1014 2901 integro,
1031 2822 1170 2890 ferrato·

38 2920 133 2982 oculo
147 2932 179 2985 et
190 2922 325 3005 minime
338 2925 515 3013 inquinato.
547 2925 619 2988 Hoc
631 2926 677 2987 elt
689 2932 791 3002 genoe
806 2920 969 2985 doctrinae
984 2925 1167 3009 gnosticae,'

38 3038 124 3103 quae
145 3042 197 3086 ree
211 3026 315 3109 potest
332 3025 508 3112 perspicere
527 3025 648 3112 ipsae.’'
696 3021 745 3088 ΙΙ).
761 3045 787 3086 c.
807 3036 857 3090 16.
879 3046 910 3109 p.
927 3036 1020 3092 816:-
1033 3018 1175 3094 :tuo--

38 3111 120 3205 told
143 3117 182 3187 dd
196 3123 260 3188 cori
278 3127 461 3210 yrwoacrroii
480 3119 503 3215 ἡ
519 3119 651 3214 ψευδὴς
665 3117 765 3200 δόξα,
794 3116 906 3213 ὥςπερ
920 3116 941 3210 ἡ
954 3118 1090 3212 ἀληθὴς
1102 3120 1176 3194 nl·-

41 3210 119 3283 «σία
130 3240 168 3285 cr
179 3222 237 3288 καὶ
248 3217 403 3314 aucupor!
438 3228 488 3294 Ib.
502 3251 528 3293 c.
546 3239 596 3293 18.
618 3248 650 3311 p.
670 3234 749 3292 82⁵:
765 3215 871 3310 ‘H-cq'i
887 3216 958 3289 tm
973 3218 1162 3315 ἐπιατὴμη,

41 3307 87 3409 ἣν
103 3321 214 3407 φαμὲν
231 3319 442 3408 μόνου.ἐ5ιαιν
452 3325 511 3393 τὸν
523 3320 722 3414 γνωστικὸν,
743 3318 935 3411 κατάληψίς
948 3319 1022 3391 ἐστι
1034 3320 1175 3409 βεβαία·

43 3418 105 3487 ded
126 3416 234 3510 λόγων
253 3418 393 3513 ἀληθῶν
413 3428 472 3494 καὶ
490 3421 638 3512 βεβαίων
662 3419 722 3489 ἐπὶ
743 3419 804 3513 τὴν
823 3424 885 3511 τῆς
904 3419 1018 3503 αἰτίας
1038 3426 1179 3513 γνῶσιν

43 3512 224 3610 drn'yovon.
268 3529 419 3609 „Eorum
433 3529 521 3593 enim
536 3526 613 3611 (Str.
628 3524 705 3603 v11,
721 3536 751 3604 8,
766 3528 861 3606 888),
879 3546 960 3611 quae
970 3526 1169 3611 intelligen-

44 3624 92 3689 tia
106 3627 338 3715 percipiuntur,
360 3630 499 3712 cognitio
517 3642 550 3693 et
567 3624 806 3713 comprehendo
820 3631 889 3706 jure
901 3624 964 3690 dici
974 3630 1081 3714 potnit
1096 3630 1169 3694 ila·

46 3726 122 3791 bilis
140 3728 285 3811 icientia3
313 3732 403 3811 cujus
422 3750 460 3793 en
482 3727 614 3816 quidem
633 3748 725 3815 pare,
747 3748 837 3814 1quoe
855 3731 996 3791 versatur
1014 3730 1049 3792 in
1068 3730 1170 3799 relrm

50 3825 186 3913 divinia,
207 3831 269 3895 hoc
279 3832 377 3895 habet
390 3851 527 3911 munus,
544 3842 581 3893 ut
594 3829 786 3908 confideret,
801 3851 883 3918 quoe
896 3832 935 3894 lit
945 3831 1051 3915 prima
1062 3834 1185 3914 cauli„

49 3927 129 4013 quid
147 3952 226 3995 uero
243 3933 298 4012 fit,
327 3952 386 4019 per
399 3928 487 4018 quod
503 3934 584 3995 iacta
604 3933 676 3995 iunt
695 3931 822 4010 omnia,
843 3942 877 3994 et
891 3931 956 3994 linc
969 3934 1170 4018 quofactnn

50 4030 98 4093 aa
124 4032 224 4114 nihi13
263 4045 297 4097 et
323 4052 482 4120 quaenam
507 4032 569 4095 lint
596 4050 652 4112 ea,
686 4052 770 4118 quoe
795 4033 827 4095 le
853 4033 974 4095 habent
997 4043 1036 4096 ut
1062 4052 1182 4125 pona-¹

52 4132 201 4213 umens
219 4153 301 4221 quac
328 4146 367 4198 nt
389 4133 602 4216 continentie,
637 4144 670 4198 et
687 4152 770 4222 quac
793 4132 854 4199 lint
873 4134 1069 4215 conjunctc‚'
1087 4150 1168 4225 (με
