<?xml version="1.0" encoding="UTF-8"?>
<!DOCTYPE html PUBLIC "-//W3C//DTD XHTML 1.0 Transitional//EN"
    "http://www.w3.org/TR/xhtml1/DTD/xhtml1-transitional.dtd">
<html xmlns="http://www.w3.org/1999/xhtml" xml:lang="en" lang="en">
 <head>
  <title>
</title>
<meta http-equiv="Content-Type" content="text/html;charset=utf-8" />
  <meta name='ocr-system' content='tesseract 3.04.00' />
  <meta name='ocr-capabilities' content='ocr_page ocr_carea ocr_par ocr_line ocrx_word'/>
</head>
<body>
  <div class='ocr_page' id='page_1' title='image "./descholaquaeale00guergoog/descholaquaeale00guergoog_0563.png"; bbox 0 0 2572 4770; ppageno 0'>
   <div class='ocr_carea' id='block_1_1' title="bbox 503 225 1174 347">
    <p class='ocr_par' dir='ltr' id='par_1_1' title="bbox 503 225 1174 347">
     <span class='ocr_line' id='line_1_1' title="bbox 503 225 1174 347; baseline -0.016 -27"><span class='ocrx_word' id='word_1_1' title='bbox 503 296 521 347; x_wconf 34' lang='grc' dir='ltr'>ᾗ,</span> <span class='ocrx_word' id='word_1_2' title='bbox 538 225 706 339; x_wconf 70' lang='lat' dir='ltr'>cbmen.</span> <span class='ocrx_word' id='word_1_3' title='bbox 805 312 809 317; x_wconf 82' lang='lat'>.</span> <span class='ocrx_word' id='word_1_4' title='bbox 1100 241 1174 310; x_wconf 74' lang='lat' dir='ltr'>err</span> 
     </span>
    </p>
   </div>
   <div class='ocr_carea' id='block_1_2' title="bbox 56 388 1220 2912">
    <p class='ocr_par' dir='ltr' id='par_1_2' title="bbox 56 388 1184 2820">
     <span class='ocr_line' id='line_1_2' title="bbox 66 388 1179 506; baseline 0.008 -31"><span class='ocrx_word' id='word_1_5' title='bbox 66 418 225 475; x_wconf 87' lang='lat' dir='ltr'>tormenta</span> <span class='ocrx_word' id='word_1_6' title='bbox 243 423 275 475; x_wconf 83' lang='lat' dir='ltr'>et</span> <span class='ocrx_word' id='word_1_7' title='bbox 295 409 486 476; x_wconf 78' lang='lat' dir='ltr'>afflictiones</span> <span class='ocrx_word' id='word_1_8' title='bbox 501 410 653 493; x_wconf 79' lang='lat' dir='ltr'>sustinet,</span> <span class='ocrx_word' id='word_1_9' title='bbox 678 432 743 477; x_wconf 88' lang='lat' dir='ltr'>non</span> <span class='ocrx_word' id='word_1_10' title='bbox 763 424 798 475; x_wconf 88' lang='lat' dir='ltr'>ut</span> <span class='ocrx_word' id='word_1_11' title='bbox 817 388 962 501; x_wconf 33' lang='lat' dir='ltr'>qui&#39;sdnt</span> <span class='ocrx_word' id='word_1_12' title='bbox 976 414 1076 479; x_wconf 86' lang='lat' dir='ltr'>sortes</span> <span class='ocrx_word' id='word_1_13' title='bbox 1090 406 1179 506; x_wconf 79' lang='lat' dir='ltr'>a¹pud</span> 
     </span>
     <span class='ocr_line' id='line_1_3' title="bbox 64 509 1177 601; baseline 0.014 -32"><span class='ocrx_word' id='word_1_14' title='bbox 64 509 271 594; x_wconf 84' lang='lat' dir='ltr'>philosophos</span> <span class='ocrx_word' id='word_1_15' title='bbox 295 525 427 599; x_wconf 86' lang='lat' dir='ltr'>propter¹</span> <span class='ocrx_word' id='word_1_16' title='bbox 451 513 557 599; x_wconf 88' lang='lat' dir='ltr'>spem,</span> <span class='ocrx_word' id='word_1_17' title='bbox 587 512 767 598; x_wconf 75' lang='lat' dir='ltr'><strong>praesentes</strong></span> <span class='ocrx_word' id='word_1_18' title='bbox 791 516 958 579; x_wconf 87' lang='lat' dir='ltr'>cessaturos</span> <span class='ocrx_word' id='word_1_19' title='bbox 985 515 1048 578; x_wconf 91' lang='lat' dir='ltr'>esse</span> <span class='ocrx_word' id='word_1_20' title='bbox 1077 514 1177 601; x_wconf 88' lang='lat' dir='ltr'>dolo·</span> 
     </span>
     <span class='ocr_line' id='line_1_4' title="bbox 66 608 1177 703; baseline 0.012 -32"><span class='ocrx_word' id='word_1_21' title='bbox 66 631 141 689; x_wconf 83' lang='lat' dir='ltr'>res,</span> <span class='ocrx_word' id='word_1_22' title='bbox 191 610 338 698; x_wconf 89' lang='lat' dir='ltr'>ipsosque</span> <span class='ocrx_word' id='word_1_23' title='bbox 378 615 485 676; x_wconf 86' lang='lat' dir='ltr'>rursus</span> <span class='ocrx_word' id='word_1_24' title='bbox 523 608 735 690; x_wconf 88' lang='lat' dir='ltr'>jucundorum</span> <span class='ocrx_word' id='word_1_25' title='bbox 775 615 846 677; x_wconf 85' lang='lat' dir='ltr'>sore</span> <span class='ocrx_word' id='word_1_26' title='bbox 880 610 1073 703; x_wconf 77' lang='lat' dir='ltr'>participes3</span> <span class='ocrx_word' id='word_1_27' title='bbox 1119 616 1177 685; x_wconf 88' lang='lat' dir='ltr'>sed</span> 
     </span>
     <span class='ocr_line' id='line_1_5' title="bbox 66 709 1176 799; baseline 0.009 -26"><span class='ocrx_word' id='word_1_28' title='bbox 66 711 203 789; x_wconf 76' lang='lat' dir='ltr'><strong>cognitio</strong></span> <span class='ocrx_word' id='word_1_29' title='bbox 228 711 286 798; x_wconf 90' lang='lat' dir='ltr'>ipsi</span> <span class='ocrx_word' id='word_1_30' title='bbox 310 714 542 799; x_wconf 87' lang='lat' dir='ltr'>persuasionem</span> <span class='ocrx_word' id='word_1_31' title='bbox 564 709 766 791; x_wconf 83' lang='lat' dir='ltr'>ingeneravit</span> <span class='ocrx_word' id='word_1_32' title='bbox 788 713 1014 797; x_wconf 83' lang='lat' dir='ltr'>firmissimam,</span> <span class='ocrx_word' id='word_1_33' title='bbox 1047 715 1118 782; x_wconf 81' lang='lat' dir='ltr'>sore</span> <span class='ocrx_word' id='word_1_34' title='bbox 1139 730 1176 784; x_wconf 86' lang='lat' dir='ltr'>ut</span> 
     </span>
     <span class='ocr_line' id='line_1_6' title="bbox 64 798 1175 900; baseline 0.008 -25"><span class='ocrx_word' id='word_1_35' title='bbox 64 812 195 898; x_wconf 82' lang='lat' dir='ltr'>recipiat</span> <span class='ocrx_word' id='word_1_36' title='bbox 222 834 302 898; x_wconf 67' lang='lat' dir='ltr'>(puae</span> <span class='ocrx_word' id='word_1_37' title='bbox 330 817 440 898; x_wconf 88' lang='lat' dir='ltr'>sperat.</span> <span class='ocrx_word' id='word_1_38' title='bbox 472 861 479 877; x_wconf 93' lang='lat'>.</span> <span class='ocrx_word' id='word_1_39' title='bbox 535 809 592 873; x_wconf 91' lang='lat' dir='ltr'>Est</span> <span class='ocrx_word' id='word_1_40' title='bbox 617 832 693 892; x_wconf 82' lang='lat' dir='ltr'>ergo</span> <span class='ocrx_word' id='word_1_41' title='bbox 720 812 755 876; x_wconf 93' lang='lat' dir='ltr'>in</span> <span class='ocrx_word' id='word_1_42' title='bbox 784 814 897 900; x_wconf 77' lang='lat' dir='ltr'>‹puovis</span> <span class='ocrx_word' id='word_1_43' title='bbox 926 816 996 879; x_wconf 85' lang='lat' dir='ltr'>casu</span> <span class='ocrx_word' id='word_1_44' title='bbox 1021 798 1175 884; x_wconf 77' lang='lat' dir='ltr'>sortisse</span> 
     </span>
     <span class='ocr_line' id='line_1_7' title="bbox 64 912 1176 1008; baseline 0.006 -32"><span class='ocrx_word' id='word_1_45' title='bbox 64 912 179 976; x_wconf 78' lang='lat' dir='ltr'>valida&#39;</span> <span class='ocrx_word' id='word_1_46' title='bbox 194 913 323 993; x_wconf 77' lang='lat' dir='ltr'><strong>gnostici</strong></span> <span class='ocrx_word' id='word_1_47' title='bbox 350 914 474 990; x_wconf 90' lang='lat' dir='ltr'>anima,</span> <span class='ocrx_word' id='word_1_48' title='bbox 507 930 588 996; x_wconf 80' lang='lat' dir='ltr'>quae</span> <span class='ocrx_word' id='word_1_49' title='bbox 610 913 712 974; x_wconf 81' lang='lat' dir='ltr'>veluti</span> <span class='ocrx_word' id='word_1_50' title='bbox 734 935 848 999; x_wconf 86' lang='lat' dir='ltr'>corpus</span> <span class='ocrx_word' id='word_1_51' title='bbox 866 913 1006 980; x_wconf 78' lang='lat' dir='ltr'>athletae</span> <span class='ocrx_word' id='word_1_52' title='bbox 1033 929 1065 981; x_wconf 86' lang='lat' dir='ltr'>et</span> <span class='ocrx_word' id='word_1_53' title='bbox 1085 919 1176 1008; x_wconf 88' lang='lat' dir='ltr'>opti-</span> 
     </span>
     <span class='ocr_line' id='line_1_8' title="bbox 64 1011 1175 1109; baseline 0.006 -32"><span class='ocrx_word' id='word_1_54' title='bbox 64 1037 118 1083; x_wconf 88' lang='lat' dir='ltr'>ma</span> <span class='ocrx_word' id='word_1_55' title='bbox 139 1018 184 1078; x_wconf 85' lang='lat' dir='ltr'>est</span> <span class='ocrx_word' id='word_1_56' title='bbox 205 1011 392 1077; x_wconf 76' lang='lat' dir='ltr'>habitudine</span> <span class='ocrx_word' id='word_1_57' title='bbox 414 1026 446 1076; x_wconf 88' lang='lat' dir='ltr'>et</span> <span class='ocrx_word' id='word_1_58' title='bbox 464 1011 622 1076; x_wconf 88' lang='lat' dir='ltr'>maximas</span> <span class='ocrx_word' id='word_1_59' title='bbox 643 1014 742 1079; x_wconf 90' lang='lat' dir='ltr'>habet</span> <span class='ocrx_word' id='word_1_60' title='bbox 761 1014 857 1080; x_wconf 81' lang='lat' dir='ltr'>vires.</span> <span class='ocrx_word' id='word_1_61' title='bbox 908 1013 962 1080; x_wconf 72' lang='lat' dir='ltr'>att</span> <span class='ocrx_word' id='word_1_62' title='bbox 979 1019 1065 1083; x_wconf 90' lang='lat' dir='ltr'>enim</span> <span class='ocrx_word' id='word_1_63' title='bbox 1084 1018 1175 1109; x_wconf 86' lang='lat' dir='ltr'>opti·-</span> 
     </span>
     <span class='ocr_line' id='line_1_9' title="bbox 64 1111 1173 1206; baseline 0.006 -28"><span class='ocrx_word' id='word_1_64' title='bbox 64 1117 110 1178; x_wconf 86' lang='lat' dir='ltr'>mi</span> <span class='ocrx_word' id='word_1_65' title='bbox 132 1114 252 1179; x_wconf 87' lang='lat' dir='ltr'>confilii</span> <span class='ocrx_word' id='word_1_66' title='bbox 273 1114 308 1177; x_wconf 89' lang='lat' dir='ltr'>in</span> <span class='ocrx_word' id='word_1_67' title='bbox 331 1116 372 1178; x_wconf 90' lang='lat' dir='ltr'>iis</span> <span class='ocrx_word' id='word_1_68' title='bbox 391 1134 472 1200; x_wconf 88' lang='lat' dir='ltr'>quae</span> <span class='ocrx_word' id='word_1_69' title='bbox 493 1111 534 1175; x_wconf 91' lang='lat' dir='ltr'>ad</span> <span class='ocrx_word' id='word_1_70' title='bbox 553 1115 702 1181; x_wconf 87' lang='lat' dir='ltr'>homines</span> <span class='ocrx_word' id='word_1_71' title='bbox 724 1115 903 1202; x_wconf 84' lang='lat' dir='ltr'>pertinent,</span> <span class='ocrx_word' id='word_1_72' title='bbox 937 1116 1015 1206; x_wconf 88' lang='lat' dir='ltr'>quid</span> <span class='ocrx_word' id='word_1_73' title='bbox 1036 1119 1075 1183; x_wconf 90' lang='lat' dir='ltr'>fit</span> <span class='ocrx_word' id='word_1_74' title='bbox 1090 1122 1173 1200; x_wconf 87' lang='lat' dir='ltr'>justo</span> 
     </span>
     <span class='ocr_line' id='line_1_10' title="bbox 63 1213 1176 1302; baseline 0.006 -23"><span class='ocrx_word' id='word_1_75' title='bbox 63 1215 248 1279; x_wconf 63' lang='lat' dir='ltr'>iaciendum</span> <span class='ocrx_word' id='word_1_76' title='bbox 264 1213 457 1295; x_wconf 82' lang='lat' dir='ltr'>decernens,</span> <span class='ocrx_word' id='word_1_77' title='bbox 484 1225 521 1276; x_wconf 92' lang='lat' dir='ltr'>ut</span> <span class='ocrx_word' id='word_1_78' title='bbox 543 1236 625 1300; x_wconf 81' lang='lat' dir='ltr'>quae</span> <span class='ocrx_word' id='word_1_79' title='bbox 639 1217 797 1302; x_wconf 87' lang='lat' dir='ltr'>principia</span> <span class='ocrx_word' id='word_1_80' title='bbox 810 1213 963 1296; x_wconf 83' lang='lat' dir='ltr'>coelitus,</span> <span class='ocrx_word' id='word_1_81' title='bbox 991 1229 1070 1284; x_wconf 87' lang='lat' dir='ltr'>etut</span> <span class='ocrx_word' id='word_1_82' title='bbox 1085 1217 1176 1286; x_wconf 79' lang='lat' dir='ltr'>divi-</span> 
     </span>
     <span class='ocr_line' id='line_1_11' title="bbox 63 1315 1175 1406; baseline 0.003 -24"><span class='ocrx_word' id='word_1_83' title='bbox 63 1321 157 1384; x_wconf 86' lang='lat' dir='ltr'>nitati</span> <span class='ocrx_word' id='word_1_84' title='bbox 183 1321 274 1381; x_wconf 86' lang='lat' dir='ltr'>sreret</span> <span class='ocrx_word' id='word_1_85' title='bbox 300 1316 426 1394; x_wconf 89' lang='lat' dir='ltr'>similis,</span> <span class='ocrx_word' id='word_1_86' title='bbox 465 1315 633 1380; x_wconf 88' lang='lat' dir='ltr'>lenitatem</span> <span class='ocrx_word' id='word_1_87' title='bbox 662 1315 823 1406; x_wconf 88' lang='lat' dir='ltr'>quandam</span> <span class='ocrx_word' id='word_1_88' title='bbox 853 1338 889 1381; x_wconf 88' lang='lat' dir='ltr'>ac</span> <span class='ocrx_word' id='word_1_89' title='bbox 917 1315 1175 1385; x_wconf 84' lang='lat' dir='ltr'>moderationem</span> 
     </span>
     <span class='ocr_line' id='line_1_12' title="bbox 64 1417 1174 1506; baseline 0 -22"><span class='ocrx_word' id='word_1_90' title='bbox 64 1424 109 1506; x_wconf 90' lang='lat' dir='ltr'>(p.</span> <span class='ocrx_word' id='word_1_91' title='bbox 120 1423 195 1498; x_wconf 87' lang='grc'>870)</span> <span class='ocrx_word' id='word_1_92' title='bbox 209 1417 611 1504; x_wconf 77' lang='lat' dir='ltr'>inuoluptatibuscorporis</span> <span class='ocrx_word' id='word_1_93' title='bbox 624 1417 915 1505; x_wconf 85' lang='lat' dir='ltr'>doloribusquefibi</span> <span class='ocrx_word' id='word_1_94' title='bbox 925 1418 1174 1506; x_wconf 55' lang='lat' dir='ltr'>comparaverim</span> 
     </span>
     <span class='ocr_line' id='line_1_13' title="bbox 62 1515 1173 1599; baseline 0.004 -15"><span class='ocrx_word' id='word_1_95' title='bbox 62 1520 211 1584; x_wconf 87' lang='lat' dir='ltr'>audacter</span> <span class='ocrx_word' id='word_1_96' title='bbox 235 1518 367 1597; x_wconf 83' lang='lat' dir='ltr'>insurgit</span> <span class='ocrx_word' id='word_1_97' title='bbox 395 1515 544 1579; x_wconf 81' lang='lat' dir='ltr'>adversus</span> <span class='ocrx_word' id='word_1_98' title='bbox 563 1529 685 1599; x_wconf 88' lang='lat' dir='ltr'>metue,</span> <span class='ocrx_word' id='word_1_99' title='bbox 719 1518 754 1582; x_wconf 86' lang='lat' dir='ltr'>in</span> <span class='ocrx_word' id='word_1_100' title='bbox 773 1517 844 1583; x_wconf 89' lang='lat' dir='ltr'>Deo</span> <span class='ocrx_word' id='word_1_101' title='bbox 867 1520 990 1584; x_wconf 84' lang='lat' dir='ltr'>habens</span> <span class='ocrx_word' id='word_1_102' title='bbox 1011 1520 1173 1588; x_wconf 82' lang='lat' dir='ltr'>fiduciam.</span> 
     </span>
     <span class='ocr_line' id='line_1_14' title="bbox 62 1615 1172 1705; baseline 0.001 -19"><span class='ocrx_word' id='word_1_103' title='bbox 62 1622 188 1687; x_wconf 85' lang='lat' dir='ltr'>Revera</span> <span class='ocrx_word' id='word_1_104' title='bbox 209 1641 283 1700; x_wconf 86' lang='lat' dir='ltr'>ergo</span> <span class='ocrx_word' id='word_1_105' title='bbox 304 1617 457 1681; x_wconf 86' lang='lat' dir='ltr'>terrestris</span> <span class='ocrx_word' id='word_1_106' title='bbox 477 1615 606 1682; x_wconf 88' lang='lat' dir='ltr'>divinae</span> <span class='ocrx_word' id='word_1_107' title='bbox 627 1619 755 1682; x_wconf 80' lang='lat' dir='ltr'>virtutis</span> <span class='ocrx_word' id='word_1_108' title='bbox 775 1618 880 1700; x_wconf 84' lang='lat' dir='ltr'>imago</span> <span class='ocrx_word' id='word_1_109' title='bbox 898 1621 944 1685; x_wconf 88' lang='lat' dir='ltr'>est</span> <span class='ocrx_word' id='word_1_110' title='bbox 962 1621 1069 1687; x_wconf 88' lang='lat' dir='ltr'>anima</span> <span class='ocrx_word' id='word_1_111' title='bbox 1088 1643 1172 1705; x_wconf 84' lang='lat' dir='ltr'>gno-</span> 
     </span>
     <span class='ocr_line' id='line_1_15' title="bbox 61 1716 1173 1808; baseline 0.001 -20"><span class='ocrx_word' id='word_1_112' title='bbox 61 1726 152 1802; x_wconf 90' lang='lat' dir='ltr'>stica,</span> <span class='ocrx_word' id='word_1_113' title='bbox 181 1725 321 1808; x_wconf 83' lang='lat' dir='ltr'>perfecta</span> <span class='ocrx_word' id='word_1_114' title='bbox 333 1716 450 1777; x_wconf 84' lang='lat' dir='ltr'>virtute</span> <span class='ocrx_word' id='word_1_115' title='bbox 467 1730 620 1780; x_wconf 83' lang='lat' dir='ltr'>exornata</span> <span class='ocrx_word' id='word_1_116' title='bbox 634 1740 676 1782; x_wconf 83' lang='lat' dir='ltr'>ex</span> <span class='ocrx_word' id='word_1_117' title='bbox 690 1718 741 1782; x_wconf 89' lang='lat' dir='ltr'>his</span> <span class='ocrx_word' id='word_1_118' title='bbox 758 1720 906 1783; x_wconf 89' lang='lat' dir='ltr'>omnibus</span> <span class='ocrx_word' id='word_1_119' title='bbox 917 1721 1027 1804; x_wconf 86' lang='lat' dir='ltr'>lirnirl,</span> <span class='ocrx_word' id='word_1_120' title='bbox 1048 1738 1173 1806; x_wconf 87' lang='lat' dir='ltr'>natura,</span> 
     </span>
     <span class='ocr_line' id='line_1_16' title="bbox 61 1818 1173 1901; baseline 0.002 -14"><span class='ocrx_word' id='word_1_121' title='bbox 61 1822 305 1896; x_wconf 85' lang='lat' dir='ltr'>exercitatione,</span> <span class='ocrx_word' id='word_1_122' title='bbox 336 1827 368 1878; x_wconf 87' lang='lat' dir='ltr'>et</span> <span class='ocrx_word' id='word_1_123' title='bbox 388 1834 469 1901; x_wconf 67' lang='lat' dir='ltr'>(puae</span> <span class='ocrx_word' id='word_1_124' title='bbox 488 1818 583 1879; x_wconf 90' lang='lat' dir='ltr'>simul</span> <span class='ocrx_word' id='word_1_125' title='bbox 601 1839 675 1881; x_wconf 92' lang='lat' dir='ltr'>cum</span> <span class='ocrx_word' id='word_1_126' title='bbox 697 1838 737 1881; x_wconf 87' lang='lat' dir='ltr'>eo</span> <span class='ocrx_word' id='word_1_127' title='bbox 759 1818 875 1897; x_wconf 87' lang='lat' dir='ltr'>crevit,</span> <span class='ocrx_word' id='word_1_128' title='bbox 902 1822 1036 1886; x_wconf 88' lang='lat' dir='ltr'>ratione.</span> <span class='ocrx_word' id='word_1_129' title='bbox 1084 1822 1173 1889; x_wconf 83' lang='lat' dir='ltr'>Haec</span> 
     </span>
     <span class='ocr_line' id='line_1_17' title="bbox 61 1908 1175 2011; baseline 0.003 -26"><span class='ocrx_word' id='word_1_130' title='bbox 61 1917 265 2011; x_wconf 76' lang='lat' dir='ltr'>pulchritudo</span> <span class='ocrx_word' id='word_1_131' title='bbox 285 1917 473 1980; x_wconf 79' lang='lat' dir='ltr'>animaefit</span> <span class='ocrx_word' id='word_1_132' title='bbox 493 1919 651 2002; x_wconf 89' lang='lat' dir='ltr'>templum</span> <span class='ocrx_word' id='word_1_133' title='bbox 669 1917 766 1981; x_wconf 87' lang='lat' dir='ltr'>sancti</span> <span class='ocrx_word' id='word_1_134' title='bbox 785 1917 930 2003; x_wconf 88' lang='lat' dir='ltr'>spiritus,</span> <span class='ocrx_word' id='word_1_135' title='bbox 958 1919 1086 2008; x_wconf 89' lang='lat' dir='ltr'>quando</span> <span class='ocrx_word' id='word_1_136' title='bbox 1102 1908 1175 1989; x_wconf 79' lang='lat' dir='ltr'>dis-</span> 
     </span>
     <span class='ocr_line' id='line_1_18' title="bbox 60 2016 1172 2111; baseline 0.004 -26"><span class='ocrx_word' id='word_1_137' title='bbox 60 2023 251 2111; x_wconf 90' lang='lat' dir='ltr'>positionem</span> <span class='ocrx_word' id='word_1_138' title='bbox 269 2016 434 2095; x_wconf 81' lang='lat' dir='ltr'>evangelio</span> <span class='ocrx_word' id='word_1_139' title='bbox 452 2017 702 2082; x_wconf 85' lang='lat' dir='ltr'>consentientem</span> <span class='ocrx_word' id='word_1_140' title='bbox 714 2035 772 2103; x_wconf 87' lang='lat' dir='ltr'>per</span> <span class='ocrx_word' id='word_1_141' title='bbox 787 2026 888 2081; x_wconf 84' lang='lat' dir='ltr'>totam</span> <span class='ocrx_word' id='word_1_142' title='bbox 899 2018 1001 2083; x_wconf 75' lang='lat' dir='ltr'>vitam</span> <span class='ocrx_word' id='word_1_143' title='bbox 1014 2023 1172 2090; x_wconf 79' lang='lat' dir='ltr'>habuerit.</span> 
     </span>
     <span class='ocr_line' id='line_1_19' title="bbox 61 2115 1174 2213; baseline 0.003 -28"><span class='ocrx_word' id='word_1_144' title='bbox 61 2125 128 2204; x_wconf 84' lang='lat' dir='ltr'>Qui</span> <span class='ocrx_word' id='word_1_145' title='bbox 147 2124 197 2187; x_wconf 89' lang='lat' dir='ltr'>est</span> <span class='ocrx_word' id='word_1_146' title='bbox 208 2115 365 2198; x_wconf 83' lang='lat' dir='ltr'>ejusmodi</span> <span class='ocrx_word' id='word_1_147' title='bbox 383 2117 514 2199; x_wconf 80' lang='lat' dir='ltr'>insurgit</span> <span class='ocrx_word' id='word_1_148' title='bbox 532 2115 681 2182; x_wconf 87' lang='lat' dir='ltr'>adversus</span> <span class='ocrx_word' id='word_1_149' title='bbox 695 2137 824 2181; x_wconf 90' lang='lat' dir='ltr'>omnem</span> <span class='ocrx_word' id='word_1_150' title='bbox 837 2130 976 2202; x_wconf 88' lang='lat' dir='ltr'>metum,</span> <span class='ocrx_word' id='word_1_151' title='bbox 997 2142 1094 2186; x_wconf 88' lang='lat' dir='ltr'>omne</span> <span class='ocrx_word' id='word_1_152' title='bbox 1108 2145 1174 2213; x_wconf 90' lang='lat' dir='ltr'>pe-</span> 
     </span>
     <span class='ocr_line' id='line_1_20' title="bbox 59 2216 1173 2306; baseline -0.003 -17"><span class='ocrx_word' id='word_1_153' title='bbox 59 2225 196 2290; x_wconf 90' lang='lat' dir='ltr'>riculum</span> <span class='ocrx_word' id='word_1_154' title='bbox 217 2232 250 2284; x_wconf 89' lang='lat' dir='ltr'>et</span> <span class='ocrx_word' id='word_1_155' title='bbox 268 2217 415 2306; x_wconf 85' lang='lat' dir='ltr'>quicquid</span> <span class='ocrx_word' id='word_1_156' title='bbox 434 2222 479 2281; x_wconf 90' lang='lat' dir='ltr'>est</span> <span class='ocrx_word' id='word_1_157' title='bbox 494 2216 718 2299; x_wconf 80' lang='lat' dir='ltr'>formidabile3</span> <span class='ocrx_word' id='word_1_158' title='bbox 744 2239 810 2281; x_wconf 88' lang='lat' dir='ltr'>non</span> <span class='ocrx_word' id='word_1_159' title='bbox 824 2219 927 2287; x_wconf 90' lang='lat' dir='ltr'>solum</span> <span class='ocrx_word' id='word_1_160' title='bbox 938 2233 1093 2305; x_wconf 85' lang='lat' dir='ltr'>mortem,</span> <span class='ocrx_word' id='word_1_161' title='bbox 1115 2222 1173 2290; x_wconf 89' lang='lat' dir='ltr'>sed</span> 
     </span>
     <span class='ocr_line' id='line_1_21' title="bbox 59 2307 1171 2414; baseline -0.001 -24"><span class='ocrx_word' id='word_1_162' title='bbox 59 2327 157 2390; x_wconf 86' lang='lat' dir='ltr'>etiam</span> <span class='ocrx_word' id='word_1_163' title='bbox 175 2333 398 2409; x_wconf 83' lang='lat' dir='ltr'>paupertatem</span> <span class='ocrx_word' id='word_1_164' title='bbox 416 2331 449 2383; x_wconf 89' lang='lat' dir='ltr'>et</span> <span class='ocrx_word' id='word_1_165' title='bbox 467 2323 615 2382; x_wconf 89' lang='lat' dir='ltr'>morbum</span> <span class='ocrx_word' id='word_1_166' title='bbox 632 2332 666 2383; x_wconf 89' lang='lat' dir='ltr'>et</span> <span class='ocrx_word' id='word_1_167' title='bbox 683 2317 893 2401; x_wconf 82' lang='lat' dir='ltr'>ignominiam</span> <span class='ocrx_word' id='word_1_168' title='bbox 914 2333 948 2386; x_wconf 86' lang='lat' dir='ltr'>et</span> <span class='ocrx_word' id='word_1_169' title='bbox 962 2307 1171 2414; x_wconf 87' lang='lat' dir='ltr'>quaecunque</span> 
     </span>
     <span class='ocr_line' id='line_1_22' title="bbox 58 2418 1171 2509; baseline -0.003 -17"><span class='ocrx_word' id='word_1_170' title='bbox 58 2431 130 2493; x_wconf 91' lang='lat' dir='ltr'>sunt</span> <span class='ocrx_word' id='word_1_171' title='bbox 148 2428 244 2504; x_wconf 81' lang='lat' dir='ltr'>hujus</span> <span class='ocrx_word' id='word_1_172' title='bbox 263 2422 406 2502; x_wconf 82' lang='lat' dir='ltr'>generis,</span> <span class='ocrx_word' id='word_1_173' title='bbox 439 2431 475 2483; x_wconf 90' lang='lat' dir='ltr'>ut</span> <span class='ocrx_word' id='word_1_174' title='bbox 495 2419 549 2506; x_wconf 88' lang='lat' dir='ltr'>qui</span> <span class='ocrx_word' id='word_1_175' title='bbox 571 2431 603 2483; x_wconf 89' lang='lat' dir='ltr'>et</span> <span class='ocrx_word' id='word_1_176' title='bbox 623 2439 642 2482; x_wconf 93' lang='lat' dir='ltr'>a</span> <span class='ocrx_word' id='word_1_177' title='bbox 662 2421 828 2506; x_wconf 76' lang='lat' dir='ltr'>voluptate</span> <span class='ocrx_word' id='word_1_178' title='bbox 845 2418 932 2484; x_wconf 79' lang='lat' dir='ltr'>vinci</span> <span class='ocrx_word' id='word_1_179' title='bbox 949 2436 1103 2509; x_wconf 86' lang='lat' dir='ltr'>nequeat,</span> <span class='ocrx_word' id='word_1_180' title='bbox 1136 2436 1171 2489; x_wconf 87' lang='lat' dir='ltr'>et</span> 
     </span>
     <span class='ocr_line' id='line_1_23' title="bbox 57 2517 1184 2613; baseline -0.006 -19"><span class='ocrx_word' id='word_1_181' title='bbox 57 2527 191 2594; x_wconf 88' lang='lat' dir='ltr'>rationis</span> <span class='ocrx_word' id='word_1_182' title='bbox 210 2523 394 2610; x_wconf 80' lang='lat' dir='ltr'>expertibus</span> <span class='ocrx_word' id='word_1_183' title='bbox 412 2517 595 2583; x_wconf 89' lang='lat' dir='ltr'>dominetur</span> <span class='ocrx_word' id='word_1_184' title='bbox 609 2517 844 2607; x_wconf 86' lang='lat' dir='ltr'>cupiditatibus.</span> <span class='ocrx_word' id='word_1_185' title='bbox 893 2518 984 2586; x_wconf 89' lang='lat' dir='ltr'>Bene</span> <span class='ocrx_word' id='word_1_186' title='bbox 1002 2523 1089 2587; x_wconf 88' lang='lat' dir='ltr'>enim</span> <span class='ocrx_word' id='word_1_187' title='bbox 1105 2544 1184 2613; x_wconf 76' lang='lat' dir='ltr'>no-¹</span> 
     </span>
     <span class='ocr_line' id='line_1_24' title="bbox 56 2618 1170 2715; baseline -0.005 -21"><span class='ocrx_word' id='word_1_188' title='bbox 56 2631 107 2694; x_wconf 79' lang='lat' dir='ltr'>vit</span> <span class='ocrx_word' id='word_1_189' title='bbox 124 2647 205 2715; x_wconf 89' lang='lat' dir='ltr'>quae</span> <span class='ocrx_word' id='word_1_190' title='bbox 223 2626 286 2688; x_wconf 87' lang='lat' dir='ltr'>sint</span> <span class='ocrx_word' id='word_1_191' title='bbox 303 2620 425 2704; x_wconf 82' lang='lat' dir='ltr'>agenda</span> <span class='ocrx_word' id='word_1_192' title='bbox 445 2633 477 2682; x_wconf 90' lang='lat' dir='ltr'>et</span> <span class='ocrx_word' id='word_1_193' title='bbox 498 2639 580 2706; x_wconf 89' lang='lat' dir='ltr'>quae</span> <span class='ocrx_word' id='word_1_194' title='bbox 592 2640 659 2684; x_wconf 90' lang='lat' dir='ltr'>non</span> <span class='ocrx_word' id='word_1_195' title='bbox 671 2618 750 2699; x_wconf 88' lang='lat' dir='ltr'>fint,</span> <span class='ocrx_word' id='word_1_196' title='bbox 776 2630 812 2682; x_wconf 90' lang='lat' dir='ltr'>ut</span> <span class='ocrx_word' id='word_1_197' title='bbox 823 2618 879 2707; x_wconf 89' lang='lat' dir='ltr'>qui</span> <span class='ocrx_word' id='word_1_198' title='bbox 893 2621 1020 2686; x_wconf 86' lang='lat' dir='ltr'>strenue</span> <span class='ocrx_word' id='word_1_199' title='bbox 1032 2625 1170 2707; x_wconf 77' lang='lat' dir='ltr'>noterit,-</span> 
     </span>
     <span class='ocr_line' id='line_1_25' title="bbox 56 2718 1172 2820; baseline -0.004 -28"><span class='ocrx_word' id='word_1_200' title='bbox 56 2749 215 2820; x_wconf 87' lang='lat' dir='ltr'>quaenam</span> <span class='ocrx_word' id='word_1_201' title='bbox 232 2727 293 2788; x_wconf 89' lang='lat' dir='ltr'>sint</span> <span class='ocrx_word' id='word_1_202' title='bbox 314 2743 427 2797; x_wconf 84' lang='lat' dir='ltr'>revera</span> <span class='ocrx_word' id='word_1_203' title='bbox 445 2719 553 2801; x_wconf 77' lang='lat' dir='ltr'>gravia</span> <span class='ocrx_word' id='word_1_204' title='bbox 574 2729 608 2781; x_wconf 93' lang='lat' dir='ltr'>et</span> <span class='ocrx_word' id='word_1_205' title='bbox 628 2739 709 2805; x_wconf 85' lang='lat' dir='ltr'>qnae</span> <span class='ocrx_word' id='word_1_206' title='bbox 727 2739 793 2782; x_wconf 91' lang='lat' dir='ltr'>non</span> <span class='ocrx_word' id='word_1_207' title='bbox 812 2721 884 2785; x_wconf 86' lang='lat' dir='ltr'>sint.</span> <span class='ocrx_word' id='word_1_208' title='bbox 924 2718 1019 2786; x_wconf 89' lang='lat' dir='ltr'>Unde</span> <span class='ocrx_word' id='word_1_209' title='bbox 1036 2724 1172 2789; x_wconf 85' lang='lat' dir='ltr'>scienter</span> 
     </span>
    </p>

    <p class='ocr_par' dir='ltr' id='par_1_3' title="bbox 57 2810 1220 2912">
     <span class='ocr_line' id='line_1_26' title="bbox 57 2810 1220 2912; baseline -0.007 -17"><span class='ocrx_word' id='word_1_210' title='bbox 57 2855 97 2896; x_wconf 93' lang='lat' dir='ltr'>ea</span> <span class='ocrx_word' id='word_1_211' title='bbox 109 2829 240 2893; x_wconf 90' lang='lat' dir='ltr'>sustinet</span> <span class='ocrx_word' id='word_1_212' title='bbox 255 2845 335 2912; x_wconf 88' lang='lat' dir='ltr'>quae</span> <span class='ocrx_word' id='word_1_213' title='bbox 349 2833 492 2908; x_wconf 86' lang='lat' dir='ltr'>oportet,</span> <span class='ocrx_word' id='word_1_214' title='bbox 513 2830 547 2881; x_wconf 84' lang='lat' dir='ltr'>et</span> <span class='ocrx_word' id='word_1_215' title='bbox 561 2838 642 2904; x_wconf 89' lang='lat' dir='ltr'>quae</span> <span class='ocrx_word' id='word_1_216' title='bbox 654 2816 768 2883; x_wconf 90' lang='lat' dir='ltr'>decere</span> <span class='ocrx_word' id='word_1_217' title='bbox 784 2820 815 2882; x_wconf 89' lang='lat' dir='ltr'>ei</span> <span class='ocrx_word' id='word_1_218' title='bbox 828 2817 924 2885; x_wconf 88' lang='lat' dir='ltr'>dictat</span> <span class='ocrx_word' id='word_1_219' title='bbox 939 2822 1036 2903; x_wconf 90' lang='lat' dir='ltr'>ratio,</span> <span class='ocrx_word' id='word_1_220' title='bbox 1062 2823 1170 2887; x_wconf 85' lang='lat' dir='ltr'>scien·</span> <span class='ocrx_word' id='word_1_221' title='bbox 1217 2810 1220 2815; x_wconf 28' lang='lat'>³</span> 
     </span>
    </p>
   </div>
   <div class='ocr_carea' id='block_1_3' title="bbox 55 2917 1272 3007">
    <p class='ocr_par' dir='ltr' id='par_1_4' title="bbox 55 2917 1272 3007">
     <span class='ocr_line' id='line_1_27' title="bbox 55 2917 1272 3007; baseline -0.016 -11"><span class='ocrx_word' id='word_1_222' title='bbox 55 2944 107 2995; x_wconf 90' lang='lat' dir='ltr'>ter</span> <span class='ocrx_word' id='word_1_223' title='bbox 125 2927 319 3007; x_wconf 83' lang='lat' dir='ltr'>distinguens</span> <span class='ocrx_word' id='word_1_224' title='bbox 339 2943 378 2986; x_wconf 90' lang='lat' dir='ltr'>ea</span> <span class='ocrx_word' id='word_1_225' title='bbox 399 2919 439 2985; x_wconf 94' lang='lat' dir='ltr'>de</span> <span class='ocrx_word' id='word_1_226' title='bbox 460 2918 575 3006; x_wconf 85' lang='lat' dir='ltr'>quibus</span> <span class='ocrx_word' id='word_1_227' title='bbox 590 2917 739 2982; x_wconf 88' lang='lat' dir='ltr'>habenda</span> <span class='ocrx_word' id='word_1_228' title='bbox 761 2923 807 2984; x_wconf 90' lang='lat' dir='ltr'>est</span> <span class='ocrx_word' id='word_1_229' title='bbox 826 2918 959 3001; x_wconf 80' lang='lat' dir='ltr'>fiducia,</span> <span class='ocrx_word' id='word_1_230' title='bbox 984 2918 1047 2985; x_wconf 89' lang='lat' dir='ltr'>hoc</span> <span class='ocrx_word' id='word_1_231' title='bbox 1062 2924 1110 2986; x_wconf 85' lang='lat' dir='ltr'>est</span> <span class='ocrx_word' id='word_1_232' title='bbox 1128 2942 1168 2989; x_wconf 77' lang='lat' dir='ltr'>ea</span> <span class='ocrx_word' id='word_1_233' title='bbox 1269 2922 1272 2929; x_wconf 87' lang='lat'>&#39;</span> 
     </span>
    </p>
   </div>
   <div class='ocr_carea' id='block_1_4' title="bbox 50 3015 1203 4293">
    <p class='ocr_par' dir='ltr' id='par_1_5' title="bbox 50 3015 1203 4293">
     <span class='ocr_line' id='line_1_28' title="bbox 57 3015 1167 3120; baseline -0.005 -26"><span class='ocrx_word' id='word_1_234' title='bbox 57 3051 140 3120; x_wconf 89' lang='lat' dir='ltr'>quae</span> <span class='ocrx_word' id='word_1_235' title='bbox 156 3032 228 3091; x_wconf 89' lang='lat' dir='ltr'>sunt</span> <span class='ocrx_word' id='word_1_236' title='bbox 247 3029 346 3103; x_wconf 88' lang='lat' dir='ltr'>bona,</span> <span class='ocrx_word' id='word_1_237' title='bbox 369 3024 408 3085; x_wconf 93' lang='lat' dir='ltr'>ab</span> <span class='ocrx_word' id='word_1_238' title='bbox 422 3021 462 3084; x_wconf 88' lang='lat' dir='ltr'>iis</span> <span class='ocrx_word' id='word_1_239' title='bbox 474 3038 557 3107; x_wconf 86' lang='lat' dir='ltr'>quae</span> <span class='ocrx_word' id='word_1_240' title='bbox 572 3015 739 3100; x_wconf 85' lang='lat' dir='ltr'>videntur,</span> <span class='ocrx_word' id='word_1_241' title='bbox 760 3033 794 3085; x_wconf 92' lang='lat' dir='ltr'>et</span> <span class='ocrx_word' id='word_1_242' title='bbox 805 3020 959 3109; x_wconf 79' lang='lat' dir='ltr'>terribilia</span> <span class='ocrx_word' id='word_1_243' title='bbox 976 3021 1067 3087; x_wconf 87' lang='lat' dir='ltr'>abiis</span> <span class='ocrx_word' id='word_1_244' title='bbox 1084 3044 1167 3112; x_wconf 89' lang='lat' dir='ltr'>quae</span> 
     </span>
     <span class='ocr_line' id='line_1_29' title="bbox 56 3122 1168 3220; baseline -0.008 -26"><span class='ocrx_word' id='word_1_245' title='bbox 56 3141 228 3220; x_wconf 86' lang='lat' dir='ltr'>apparent,</span> <span class='ocrx_word' id='word_1_246' title='bbox 256 3136 359 3189; x_wconf 92' lang='lat' dir='ltr'>morte</span> <span class='ocrx_word' id='word_1_247' title='bbox 373 3124 507 3198; x_wconf 90' lang='lat' dir='ltr'>scilicet,</span> <span class='ocrx_word' id='word_1_248' title='bbox 535 3122 648 3181; x_wconf 90' lang='lat' dir='ltr'>morbo</span> <span class='ocrx_word' id='word_1_249' title='bbox 660 3127 694 3182; x_wconf 88' lang='lat' dir='ltr'>et</span> <span class='ocrx_word' id='word_1_250' title='bbox 709 3132 911 3208; x_wconf 89' lang='lat' dir='ltr'>paupertate,</span> <span class='ocrx_word' id='word_1_251' title='bbox 939 3141 1021 3215; x_wconf 76' lang='lat' dir='ltr'>quae</span> <span class='ocrx_word' id='word_1_252' title='bbox 1034 3122 1168 3210; x_wconf 86' lang='lat' dir='ltr'>quidem</span> 
     </span>
     <span class='ocr_line' id='line_1_30' title="bbox 55 3220 1167 3317; baseline -0.005 -20"><span class='ocrx_word' id='word_1_253' title='bbox 55 3236 128 3298; x_wconf 91' lang='lat' dir='ltr'>sunt</span> <span class='ocrx_word' id='word_1_254' title='bbox 151 3229 310 3317; x_wconf 88' lang='lat' dir='ltr'>opinionis</span> <span class='ocrx_word' id='word_1_255' title='bbox 329 3224 434 3311; x_wconf 90' lang='lat' dir='ltr'>potius</span> <span class='ocrx_word' id='word_1_256' title='bbox 454 3242 550 3309; x_wconf 89' lang='lat' dir='ltr'>quam</span> <span class='ocrx_word' id='word_1_257' title='bbox 568 3220 721 3286; x_wconf 78' lang='lat' dir='ltr'>veritatis.</span> <span class='ocrx_word' id='word_1_258' title='bbox 769 3220 830 3283; x_wconf 89' lang='lat' dir='ltr'>Hic</span> <span class='ocrx_word' id='word_1_259' title='bbox 850 3223 895 3285; x_wconf 76' lang='lat' dir='ltr'>eli</span> <span class='ocrx_word' id='word_1_260' title='bbox 915 3243 1027 3288; x_wconf 83' lang='lat' dir='ltr'>revera</span> <span class='ocrx_word' id='word_1_261' title='bbox 1040 3226 1167 3291; x_wconf 78' lang='lat' dir='ltr'>virbo-</span> 
     </span>
     <span class='ocr_line' id='line_1_31' title="bbox 56 3320 1165 3417; baseline -0.007 -20"><span class='ocrx_word' id='word_1_262' title='bbox 56 3355 134 3412; x_wconf 87' lang='lat' dir='ltr'>nus,</span> <span class='ocrx_word' id='word_1_263' title='bbox 149 3332 202 3416; x_wconf 92' lang='lat' dir='ltr'>qui</span> <span class='ocrx_word' id='word_1_264' title='bbox 216 3350 274 3417; x_wconf 91' lang='lat' dir='ltr'>per</span> <span class='ocrx_word' id='word_1_265' title='bbox 286 3327 432 3389; x_wconf 90' lang='lat' dir='ltr'>habitum</span> <span class='ocrx_word' id='word_1_266' title='bbox 446 3324 500 3387; x_wconf 86' lang='lat' dir='ltr'>vel</span> <span class='ocrx_word' id='word_1_267' title='bbox 515 3320 753 3408; x_wconf 76' lang='lat' dir='ltr'>dispostionem</span> <span class='ocrx_word' id='word_1_268' title='bbox 768 3321 893 3387; x_wconf 84' lang='lat' dir='ltr'>animae</span> <span class='ocrx_word' id='word_1_269' title='bbox 902 3322 1020 3387; x_wconf 78' lang='lat' dir='ltr'>virtute</span> <span class='ocrx_word' id='word_1_270' title='bbox 1032 3324 1165 3411; x_wconf 85' lang='lat' dir='ltr'>praedi-</span> 
     </span>
     <span class='ocr_line' id='line_1_32' title="bbox 55 3421 1165 3510; baseline -0.011 -11"><span class='ocrx_word' id='word_1_271' title='bbox 55 3421 895 3510; x_wconf 84' lang='lat' dir='ltr'>taeremotusabanimiperturbationibusrmiversam</span> <span class='ocrx_word' id='word_1_272' title='bbox 903 3423 992 3487; x_wconf 88' lang='lat' dir='ltr'>illam</span> <span class='ocrx_word' id='word_1_273' title='bbox 1000 3425 1165 3488; x_wconf 78' lang='lat' dir='ltr'>vitamsu-</span> 
     </span>
     <span class='ocr_line' id='line_1_33' title="bbox 54 3521 1164 3624; baseline -0.013 -24"><span class='ocrx_word' id='word_1_274' title='bbox 54 3535 197 3624; x_wconf 90' lang='lat' dir='ltr'>peravit,</span> <span class='ocrx_word' id='word_1_275' title='bbox 211 3550 292 3616; x_wconf 89' lang='lat' dir='ltr'>quae</span> <span class='ocrx_word' id='word_1_276' title='bbox 304 3525 595 3613; x_wconf 85' lang='lat' dir='ltr'>perturbationibus</span> <span class='ocrx_word' id='word_1_277' title='bbox 607 3528 653 3587; x_wconf 89' lang='lat' dir='ltr'>est</span> <span class='ocrx_word' id='word_1_278' title='bbox 664 3524 814 3588; x_wconf 86' lang='lat' dir='ltr'>obnoxia.</span> <span class='ocrx_word' id='word_1_279' title='bbox 842 3522 945 3604; x_wconf 86' lang='lat' dir='ltr'>Hujus</span> <span class='ocrx_word' id='word_1_280' title='bbox 958 3521 1066 3586; x_wconf 88' lang='lat' dir='ltr'>omnia</span> <span class='ocrx_word' id='word_1_281' title='bbox 1077 3543 1096 3585; x_wconf 89' lang='lat' dir='ltr'>a</span> <span class='ocrx_word' id='word_1_282' title='bbox 1108 3525 1164 3586; x_wconf 87' lang='lat' dir='ltr'>se-</span> 
     </span>
     <span class='ocr_line' id='line_1_34' title="bbox 52 3613 1162 3726; baseline -0.013 -29"><span class='ocrx_word' id='word_1_283' title='bbox 52 3642 120 3726; x_wconf 65' lang='lat' dir='ltr'>ipso</span> <span class='ocrx_word' id='word_1_284' title='bbox 129 3633 270 3726; x_wconf 84' lang='lat' dir='ltr'>pendent</span> <span class='ocrx_word' id='word_1_285' title='bbox 283 3622 347 3708; x_wconf 81' lang='grc' dir='ltr'>(εἷς</span> <span class='ocrx_word' id='word_1_286' title='bbox 359 3617 476 3689; x_wconf 74' lang='grc' dir='ltr'><em>ἑαυτὸν</em></span> <span class='ocrx_word' id='word_1_287' title='bbox 484 3614 659 3712; x_wconf 76' lang='grc' dir='ltr'>ἇνήτηται)</span> <span class='ocrx_word' id='word_1_288' title='bbox 667 3623 705 3687; x_wconf 92' lang='lat' dir='ltr'>ad</span> <span class='ocrx_word' id='word_1_289' title='bbox 714 3613 1056 3712; x_wconf 38' lang='lat' dir='ltr'>si‘nernaequirendum.</span> <span class='ocrx_word' id='word_1_290' title='bbox 1078 3621 1162 3689; x_wconf 85' lang='lat' dir='ltr'>Nam</span> 
     </span>
     <span class='ocr_line' id='line_1_35' title="bbox 54 3723 1162 3826; baseline -0.015 -23"><span class='ocrx_word' id='word_1_291' title='bbox 54 3762 135 3826; x_wconf 87' lang='lat' dir='ltr'>quae</span> <span class='ocrx_word' id='word_1_292' title='bbox 144 3739 290 3799; x_wconf 87' lang='lat' dir='ltr'>sortunae</span> <span class='ocrx_word' id='word_1_293' title='bbox 299 3723 663 3805; x_wconf 89' lang='lat' dir='ltr'>dicunturincormnoda,</span> <span class='ocrx_word' id='word_1_294' title='bbox 676 3724 881 3788; x_wconf 80' lang='lat' dir='ltr'>eevirobono</span> <span class='ocrx_word' id='word_1_295' title='bbox 890 3746 955 3787; x_wconf 91' lang='lat' dir='ltr'>non</span> <span class='ocrx_word' id='word_1_296' title='bbox 964 3724 1162 3788; x_wconf 83' lang='lat' dir='ltr'>suntsormi-</span> 
     </span>
     <span class='ocr_line' id='line_1_36' title="bbox 54 3825 1159 3921; baseline -0.013 -18"><span class='ocrx_word' id='word_1_297' title='bbox 54 3836 189 3916; x_wconf 88' lang='lat' dir='ltr'>debilia,</span> <span class='ocrx_word' id='word_1_298' title='bbox 211 3832 362 3921; x_wconf 91' lang='lat' dir='ltr'>quoniam</span> <span class='ocrx_word' id='word_1_299' title='bbox 376 3851 441 3890; x_wconf 92' lang='lat' dir='ltr'>non</span> <span class='ocrx_word' id='word_1_300' title='bbox 455 3830 526 3889; x_wconf 90' lang='lat' dir='ltr'>sunt</span> <span class='ocrx_word' id='word_1_301' title='bbox 537 3827 639 3906; x_wconf 72' lang='lat' dir='ltr'>raaia,</span> <span class='ocrx_word' id='word_1_302' title='bbox 661 3845 743 3913; x_wconf 85' lang='lat' dir='ltr'>quae</span> <span class='ocrx_word' id='word_1_303' title='bbox 757 3836 864 3889; x_wconf 89' lang='lat' dir='ltr'>autem</span> <span class='ocrx_word' id='word_1_304' title='bbox 877 3845 953 3888; x_wconf 83' lang='lat' dir='ltr'>vere</span> <span class='ocrx_word' id='word_1_305' title='bbox 962 3825 1032 3887; x_wconf 89' lang='lat' dir='ltr'>sunt</span> <span class='ocrx_word' id='word_1_306' title='bbox 1041 3827 1159 3908; x_wconf 80' lang='lat' dir='ltr'>gravia,</span> 
     </span>
     <span class='ocr_line' id='line_1_37' title="bbox 54 3922 1159 4013; baseline -0.01 -11"><span class='ocrx_word' id='word_1_307' title='bbox 54 3961 94 4002; x_wconf 94' lang='lat' dir='ltr'>ea</span> <span class='ocrx_word' id='word_1_308' title='bbox 114 3942 182 4001; x_wconf 92' lang='lat' dir='ltr'>sunt</span> <span class='ocrx_word' id='word_1_309' title='bbox 204 3931 406 4013; x_wconf 78' lang='lat' dir='ltr'>achristiano</span> <span class='ocrx_word' id='word_1_310' title='bbox 428 3927 565 4011; x_wconf 85' lang='lat' dir='ltr'>gnostico</span> <span class='ocrx_word' id='word_1_311' title='bbox 583 3926 704 4005; x_wconf 88' lang='lat' dir='ltr'>aliena,</span> <span class='ocrx_word' id='word_1_312' title='bbox 730 3936 843 4013; x_wconf 87' lang='lat' dir='ltr'>utpote</span> <span class='ocrx_word' id='word_1_313' title='bbox 859 3945 941 4012; x_wconf 90' lang='lat' dir='ltr'>quae</span> <span class='ocrx_word' id='word_1_314' title='bbox 963 3945 981 3988; x_wconf 97' lang='lat' dir='ltr'>e</span> <span class='ocrx_word' id='word_1_315' title='bbox 1003 3922 1159 3991; x_wconf 86' lang='lat' dir='ltr'>diametro</span> 
     </span>
     <span class='ocr_line' id='line_1_38' title="bbox 52 4024 1158 4127; baseline -0.009 -26"><span class='ocrx_word' id='word_1_316' title='bbox 52 4050 196 4127; x_wconf 81' lang='lat' dir='ltr'>pugnant</span> <span class='ocrx_word' id='word_1_317' title='bbox 210 4057 281 4099; x_wconf 91' lang='lat' dir='ltr'>cum</span> <span class='ocrx_word' id='word_1_318' title='bbox 294 4033 403 4111; x_wconf 72' lang='lat' dir='ltr'>bonis,</span> <span class='ocrx_word' id='word_1_319' title='bbox 423 4033 496 4092; x_wconf 88' lang='lat' dir='ltr'>sunt</span> <span class='ocrx_word' id='word_1_320' title='bbox 510 4028 597 4090; x_wconf 86' lang='lat' dir='ltr'>enirn</span> <span class='ocrx_word' id='word_1_321' title='bbox 610 4026 794 4105; x_wconf 81' lang='lat' dir='ltr'>mala,⁸nec</span> <span class='ocrx_word' id='word_1_322' title='bbox 808 4024 878 4087; x_wconf 81' lang='lat' dir='ltr'>sieri</span> <span class='ocrx_word' id='word_1_323' title='bbox 888 4026 990 4110; x_wconf 91' lang='lat' dir='ltr'>potest</span> <span class='ocrx_word' id='word_1_324' title='bbox 1003 4037 1038 4088; x_wconf 91' lang='lat' dir='ltr'>ut</span> <span class='ocrx_word' id='word_1_325' title='bbox 1052 4024 1158 4092; x_wconf 85' lang='lat' dir='ltr'>eidem</span> 
     </span>
     <span class='ocr_line' id='line_1_39' title="bbox 50 4122 1203 4293; baseline -0.01 -90"><span class='ocrx_word' id='word_1_326' title='bbox 50 4137 170 4204; x_wconf 87' lang='lat' dir='ltr'>eodem</span> <span class='ocrx_word' id='word_1_327' title='bbox 191 4148 335 4224; x_wconf 88' lang='lat' dir='ltr'>tempore</span> <span class='ocrx_word' id='word_1_328' title='bbox 352 4131 445 4197; x_wconf 85' lang='lat' dir='ltr'>simul</span> <span class='ocrx_word' id='word_1_329' title='bbox 461 4128 556 4194; x_wconf 82' lang='lat' dir='ltr'>infant</span> <span class='ocrx_word' id='word_1_330' title='bbox 575 4125 752 4292; x_wconf 58' lang='grc' dir='ltr'>οοιιῑηιίιι.1</span> <span class='ocrx_word' id='word_1_331' title='bbox 763 4122 857 4293; x_wconf 56' lang='lat' dir='ltr'>dQui</span> <span class='ocrx_word' id='word_1_332' title='bbox 876 4124 952 4191; x_wconf 82' lang='lat' dir='ltr'>citra</span> <span class='ocrx_word' id='word_1_333' title='bbox 968 4124 1068 4194; x_wconf 76' lang='lat' dir='ltr'>uben</span> <span class='ocrx_word' id='word_1_334' title='bbox 1082 4144 1158 4211; x_wconf 68' lang='lat' dir='ltr'>erge</span> <span class='ocrx_word' id='word_1_335' title='bbox 1200 4125 1203 4129; x_wconf 70' lang='grc'>’</span> 
     </span>
    </p>
   </div>
   <div class='ocr_carea' id='block_1_5' title="bbox 0 0 1290 4770">
    <p class='ocr_par' dir='ltr' id='par_1_6' title="bbox 0 0 1290 4770">
     <span class='ocr_line' id='line_1_40' title="bbox 0 0 1290 4770; baseline 0 4"><span class='ocrx_word' id='word_1_336' title='bbox 0 0 1290 4770; x_wconf 95' lang='lat' dir='ltr'> </span> 
     </span>
    </p>
   </div>
  </div>
 </body>
</html>
