2572 4770
117 320 195 397 ttt
451 308 540 405 Gap.
565 314 640 389 lisa
686 304 933 410 Dogmoticm'

93 576 97 582 η
118 490 258 574 dedant3
285 509 406 576 ecquae
426 491 508 557 ratio
523 495 639 575 majori
654 494 823 561 bominum
837 484 928 581 'parti
949 490 1161 569 subveniendi
1173 514 1244 561 ex-

117 594 249 677 cogitari
267 595 371 680 potest
387 593 426 657 eb
446 595 662 677 commodior,
690 618 787 684 quarn
804 597 895 663 iesua
914 595 1063 678 gentibue
1081 591 1243 659 tradidit?

117 695 202 764 siem
224 694 414 759 sciscitemur
430 697 469 761 ab
490 718 603 761 eorum
627 698 682 784 qui
702 698 837 763 credunt
856 697 1084 772 multitudine,
1117 695 1243 783 quique

116 809 322 885 peccatorum
344 795 469 878 sordeo,
499 799 535 861 in
554 800 671 886 quibus
689 813 786 863 antea-
799 799 1046 873 volutabantur,
1076 795 1242 877 oluerunt,

9 920 11 934 ·
117 908 229 975 etrum
248 897 288 959 sit
305 895 373 973 illia¹
390 898 636 979 conducibilius,
660 901 727 964 fine
742 902 893 965 examine
909 897 1092 976 credidisse,
1115 907 1151 960 et
1166 916 1243 960 cre-

118 996 226 1063 dendo
238 998 428 1085 supplicium
440 1013 585 1086 peccata,
604 1003 809 1088 praemiaque
820 1004 973 1071 virtutem
990 1016 1142 1077 manete,
1165 1017 1243 1085 cor-7

36 1168 52 1177 ,,
115 1102 233 1173 rexisse
248 1120 373 1178 morea,
401 1120 460 1179 an,
487 1103 591 1186 spreta
610 1099 675 1165 side
694 1103 846 1189 simplici,
874 1123 941 1165 non
959 1111 1035 1163 ante
1054 1099 1148 1161 illam
1161 1118 1241 1160 mo-

116 1225 193 1273 rum
208 1200 471 1267 emendationem
490 1198 636 1282 aggredi,
664 1222 761 1288 quam
782 1203 945 1267 doctrinae
964 1198 1121 1286 principia
1140 1196 1242 1285 peni-

117 1316 174 1371 tua
186 1299 468 1383 investigaverint?
500 1298 706 1364 Manifestum
718 1305 781 1382 eit,
807 1302 975 1391 perpaucis
988 1298 1152 1386 exceptio,
1180 1298 1240 1363 re·

116 1406 224 1492 liquos
239 1424 280 1466 ne
292 1400 327 1464 id
343 1401 474 1488 quidem
489 1403 725 1488 assequuturoa,
756 1404 842 1488 quod
859 1404 914 1466 alii
928 1400 1062 1488 simplici
1074 1397 1140 1465 fide
1157 1421 1242 1462 con-

117 1505 243 1592 sequuti
260 1506 347 1581 sunt,
373 1501 427 1565 sed
442 1503 475 1565 io
489 1503 719 1590 corruptissima
732 1505 786 1566 sua
798 1506 865 1568 vita
879 1506 1091 1566 remansuros.
1136 1496 1239 1580 Quo-

118 1607 201 1673 circa
218 1605 301 1666 inter
320 1615 524 1683 argumenta,
554 1605 671 1690 quibua
691 1608 810 1668 constat
827 1616 894 1667 tam
914 1604 1072 1666 salubrem
1086 1596 1241 1665 homini-

119 1708 181 1773 tur
198 1704 376 1768 doctrinam
395 1702 466 1768 Deo
485 1718 614 1768 auctore
636 1704 679 1767 ad
696 1727 753 1771 eoa
774 1705 967 1794 pervenisse,
994 1703 1072 1779 hoc,
1100 1702 1128 1767 si
1147 1696 1240 1787 quod

119 1805 227 1884 eliud,
262 1807 369 1868 locum
394 1807 513 1869 habere
539 1805 644 1873 debet.
652 1809 672 1843 ”
726 1809 769 1871 Et
795 1806 907 1869 homil.
927 1799 1007 1882 XII,
1027 1814 1045 1869 6
1070 1802 1107 1867 iu
1128 1799 1253 1875 Lavit,

119 1911 185 1976 tol
206 1906 250 1985 11,
269 1917 331 1975 252
351 1907 431 1968 haec
450 1908 561 1970 habet:
597 1909 818 1996 ’'Suuplicitee
837 1907 932 1985 fidei,
959 1902 1094 1993 quaein
1115 1899 1240 1967 cosmo

120 2013 185 2092 est,
214 2009 381 2090 virginitas
400 2010 469 2087 ejue
488 2011 648 2094 appellata
666 2014 727 2091 est,
753 2023 785 2074 et
799 2031 857 2096 per
870 2010 933 2072 hoc
947 2004 1100 2092 quoniam
1113 1996 1243 2067 celien-

119 2113 208 2179 tibus
235 2111 291 2175 vel
320 2110 584 2196 philosophorum
609 2112 856 2197 sophismatibus
882 2109 938 2172 vel
965 2104 1243 2193 superstitionibus!

120 2211 262 2281 Judaicie
280 2211 317 2271 in
330 2209 394 2271 lide
407 2211 540 2296 simplici
554 2211 694 2276 Christus
707 2212 765 2274 sibi
779 2210 940 2297 assumpsit
954 2207 1147 2287 ecetesiam,
1165 2203 1242 2268 rir-

121 2317 231 2398 ginem
250 2310 292 2373 de
311 2330 428 2390 genere
449 2311 505 2373 suo
524 2312 645 2398 accepit
666 2333 812 2376 uxorem.
861 2311 967 2392 Hujus
982 2327 1124 2395 namque
1137 2303 1242 2369 fidem

121 2434 189 2481 nou
203 2411 377 2495 corrumpit
389 2410 626 2496 philosophicus
643 2414 767 2492 sensus,
795 2432 855 2474 nec
873 2409 1117 2474 circumcisionis
1131 2407 1243 2471 ambi·-

120 2517 185 2594 tio,
212 2510 267 2576 led
287 2511 321 2573 in
336 2510 535 2595 simplicitate
552 2512 755 2577 consessionis
769 2524 921 2600 tanquam
936 2513 972 2575 in
986 2496 1137 2592 virgiuili
1148 2510 1245 2573 inte·

121 2616 236 2699 gritate
257 2611 437 2699 permensit.
447 2656 467 2688 „
511 2610 623 2696 Neque
640 2610 681 2674 ed
699 2614 826 2694 gnosio,
847 2612 902 2676 sed
917 2610 958 2675 ad
972 2610 1072 2676 iidem
1089 2609 1243 2673 hominen

119 2710 318 2806 perducendi
339 2710 505 2775 consilium
523 2713 615 2776 sumu
630 2717 693 2777 esse
709 2702 786 2779 dicit
802 2738 828 2780 c.
844 2715 924 2780 Cels.
938 2715 982 2792 V,
1000 2728 1027 2779 t.
1050 2733 1082 2797 p.
1099 2721 1160 2777 ota
1182 2708 1242 2789 (cf.

24 2816 30 2825 ’
120 2817 237 2883 homil.
249 2813 367 2894 XII,57
389 2813 424 2874 in
446 2811 553 2877 Levis.
573 2816 639 2877 vol.
655 2815 699 2895 II,
722 2821 811 2896 253).
867 2813 1017 2900 Denique
1038 2810 1243 2898 disciplinam

118 2919 212 2985 illem
234 2914 340 2981 arcani
358 2935 377 2976 a
396 2915 561 3001 prophetia
581 2931 615 2979 et
632 2921 782 3002 apostolia
802 2914 843 2978 ad
861 2906 949 2978 suam
964 2927 1102 2977 aetatem
1117 2933 1242 3001 perve-

121 3016 201 3083 nisse
219 3016 469 3103 haudquaquam
488 3015 601 3080 diserte
616 3021 721 3082 noster
732 3016 911 3095 contendit,
933 3029 969 3078 ut
985 3014 1144 3085 Clemens.

134 3178 138 3187 .
204 3120 265 3183 Hie
279 3118 473 3206 praemissio,
496 3116 538 3180 ad
549 3119 671 3200 singula
686 3119 835 3200 Origenis
847 3117 1013 3200 dogmata,
1039 3117 1146 3202 qualia
1159 3115 1242 3202 qui-

121 3217 196 3285 dem
212 3220 279 3307 ipse
293 3216 479 3299 crediderit,
500 3241 597 3307 quern
611 3219 644 3283 id
657 3223 883 3284 accuratissime
896 3242 953 3307 pro
966 3219 1064 3305 ipsius
1078 3240 1144 3281 non
1158 3237 1243 3304 per-

119 3334 218 3409 petua
231 3324 407 3387 constantia
420 3323 492 3387 fieri
507 3322 643 3409 poterit,
663 3321 856 3386 recensenda
869 3318 1121 3409 progrediamur.

187 3581 189 3585 ,
544 3472 813 3586 Bibliotogia.

203 3620 257 3688 De
285 3621 563 3709 inspiratione
590 3623 819 3708 scripturae
840 3625 978 3686 sacrae
999 3617 1135 3701 Origeni
1156 3638 1241 3705 per-

9 3805 11 3812 ,
119 3725 245 3790 suasum
264 3736 342 3790 erat.
385 3723 423 3788 Id
441 3728 506 3805 jam
526 3725 561 3786 iu
581 3725 714 3810 praefat.
733 3722 773 3791 ad
792 3724 847 3787 lib.
872 3722 912 3787 de
931 3725 1051 3809 prinu,
1077 3722 1127 3783 uti
1145 3720 1242 3785 ridi-

118 3847 211 3907 mua,
239 3827 348 3913 ponit,
372 3826 582 3912 pluribusque
599 3827 678 3889 locie
696 3839 767 3889 tum
786 3824 826 3888 de
839 3825 977 3904 Vetere,
1002 3837 1072 3887 tum
1084 3824 1183 3889 Novo
1197 3824 1245 3889 Τ.-

120 3931 297 3994 coufirmat.
348 3925 469 3999 '’Saora
486 3927 651 3988 volumina
662 3974 700 4005 „,
728 3928 772 3988 ait
790 3927 902 3989 homil.
917 3924 1012 4006 XXI,
1027 3941 1046 3992 2
1066 3925 1100 3988 in
1114 3925 1236 3993 Jerem.

117 4032 185 4096 vol.
204 4030 265 4110 111,
291 4044 370 4108 282,
409 4028 562 4116 ”spirituo
585 4026 824 4115 plenitudinem
848 4029 983 4114 spirant,
1018 4025 1167 4114 nihilque
1191 4030 1239 4092 est

117 4131 185 4195 sive
207 4131 243 4193 in
262 4131 449 4218 prophetia,
483 4131 607 4194 sivein
631 4132 720 4209 lege,
748 4131 867 4193 sivein
889 4128 1076 4210 evangelio,
1110 4131 1178 4192 siue
1198 4131 1239 4191 in

74 4298 78 4305 .
117 4230 281 4321 wasloio,
306 4231 395 4319 quod
411 4253 480 4300 nou
492 4253 519 4315 Ιι
536 4228 738 4321 plenitudine
762 4229 892 4297 dirim
906 4231 1079 4313 majestatie
1099 4228 1238 4319 descen·-
