2572 4770
60 266 137 361 ιιι
290 284 294 293 ’
372 250 468 368 ’σιμ
493 276 564 345 ιιι.
614 273 846 367 Dogmata.

57 465 204 552 possunt,
238 470 293 524 aut
315 479 381 521 non
402 457 566 521 consilium
584 457 721 530 habent,
759 467 815 517 eut
839 456 954 517 nolunt
974 450 1172 534 corrigendis

59 564 245 628 hominibus
264 581 394 647 operam
414 558 506 638 dare,
534 557 652 645 quippe
671 556 725 643 qui
745 558 802 642 ipsi
817 557 1004 640 turpissimis
1025 555 1173 619 insumis·-

58 663 210 749 simisque
230 663 318 724 vitiis
342 662 452 725 referti
474 660 544 721 siut.
592 660 685 721 Hunc
709 677 805 735 vero,
835 657 890 742 qui
914 656 1080 718 miraculis
1099 658 1173 740 spe-

59 773 194 825 ctatores
214 782 342 837 eorum,
374 782 455 848 quae
468 763 551 823 bene
567 760 719 838 iaciebat,
744 755 786 822 ad
798 780 924 820 morum
943 758 1174 819 correctionem

59 861 255 942 adducebat,
290 862 452 950 quomodo
480 882 545 924 non
565 862 625 923 erit
642 858 889 922 existimandum
906 857 1087 944 praebuisse
1109 877 1173 917 ιιοιι

27 1042 31 1047 .
59 964 162 1029 solnta
175 966 257 1043 illis,
285 965 340 1051 qui
356 964 482 1051 proprie
500 962 643 1048 discipuli
658 962 755 1047 ipsius
767 960 870 1021 vocati
886 962 973 1036 sunt,
1002 956 1059 1019 sed
1077 958 1173 1019 etiam

61 1067 195 1153 reliquis
217 1067 381 1144 omnibus,
410 1067 595 1149 exerrrplum
616 1065 756 1149 optimae
769 1057 880 1122 vitae?
913 1059 1173 1144 Discipulisqui-

60 1162 157 1245 dem,
188 1177 221 1228 ut
240 1167 453 1229 excitarentur
471 1163 510 1225 ad
532 1165 679 1226 homines
697 1159 857 1224 docendos
877 1181 958 1245 quae
973 1161 1012 1222 ιιι
1024 1160 1173 1223 voluntas

61 1262 145 1347 Deis
176 1267 308 1351 reliquis
323 1286 400 1328 vero
419 1265 620 1343 hominibus,
651 1274 686 1326 ut
703 1265 773 1341 ejus
786 1262 892 1323 verbis
909 1274 942 1323 et
954 1262 1100 1324 moribus
1112 1283 1174 1348 po-

63 1367 169 1447 tius,
181 1388 277 1453 rpuam
302 1366 462 1428 miraculis
486 1363 591 1427 edocti
617 1364 780 1450 quomodo
799 1364 910 1427 uivere
935 1373 1101 1447 oporteat,
1136 1380 1174 1424 co

63 1468 256 1551 spectarent,
292 1477 327 1527 ut
351 1449 557 1550 quaecuntiue
582 1464 741 1545 sacereut,
772 1463 844 1527 Deo
867 1466 1029 1549 placerent
1057 1463 1173 1526 onrnia.

62 1564 102 1628 st
127 1577 236 1628 autem
252 1566 325 1628 lesu
353 1565 420 1628 rita
442 1566 505 1627 fuit
522 1562 700 1642 ejusmodi,
736 1588 799 1652 quo
817 1568 887 1645 jure
910 1564 981 1649 quis
1004 1582 1082 1624 eum
1102 1583 1175 1625 cum

61 1665 352 1751 praestigiatorilms
365 1668 524 1745 conferat,
546 1678 579 1726 et
592 1686 659 1728 non
676 1667 782 1750 potius
796 1662 963 1729 crediderit
979 1681 1074 1751 eum,
1103 1682 1176 1726 cum

8 1774 11 1787 '
61 1760 154 1828 Deus
168 1768 245 1827 esset
252 1810 261 1839 ‚
291 1781 327 1830 ut
341 1769 525 1854 promissum
540 1768 661 1844 fuerat,
682 1766 785 1827 risum
797 1766 887 1826 fuisse
899 1764 934 1825 in
946 1765 1091 1825 humano
1104 1786 1177 1826 ror-

63 1882 161 1949 pore,
190 1877 227 1928 ιιι
243 1871 349 1931 nostro
366 1869 475 1949 generi
493 1863 702 1953 prodesset?”
736 1866 825 1928 Haec
842 1863 1035 1926 adhibentur
1048 1886 1176 1951 quoque

64 1961 110 2026 ad
129 1966 281 2029 miracula
295 1971 519 2055 apostolorum.
568 1966 664 2047 „Ego
679 1966 798 2043 vero”,
820 1966 862 2028 ih.
879 1970 902 2048 t.
918 1974 967 2030 88.
990 1988 1022 2050 p.
1039 1976 1101 2032 356
1122 1968 1176 2047 ait,

41 2087 163 2146 ·„non
182 2068 342 2149 intelligo,
372 2067 534 2154 quomodo
552 2088 665 2147 magus
685 2065 836 2129 docuisset
850 2066 998 2129 homines
1013 2067 1050 2129 in
1067 2069 1178 2129 omni-

65 2166 128 2231 bus
154 2171 276 2233 actibus
304 2169 458 2248 cogitare,
501 2169 609 2231 Deum
643 2168 720 2228 olim
753 2167 881 2228 illorum
910 2168 1058 2230 omnium
1081 2167 1178 2247 judi-

65 2286 139 2329 cem
158 2270 246 2347 fore,
276 2282 371 2354 atque
390 2271 434 2331 ita
456 2272 528 2329 suos
552 2266 722 2352 discipulos
743 2267 935 2346 instituisset,
964 2268 1082 2354 quibus
1104 2273 1178 2333 suae

64 2362 227 2430 doctrinae
249 2367 439 2431 administris
460 2369 570 2430 usurus
590 2378 669 2430 erat.
718 2367 803 2431 Nam
820 2365 961 2451 discipuli
983 2370 1024 2431 sic
1041 2370 1177 2433 instituti

67 2466 230 2532 miraculis
261 2469 427 2554 capiebant
452 2465 629 2543 auditores,
669 2485 710 2526 an
735 2467 801 2527 fine
827 2465 1012 2530 miraculis?
1060 2468 1177 2533 Dicere

67 2565 158 2627 nulla
182 2587 239 2630 eos
262 2570 369 2629 fecisse
392 2566 561 2643 miracula,
592 2561 648 2626 sed
674 2563 838 2629 credidisse
860 2565 1014 2629 duntaxat
1035 2581 1068 2631 et
1088 2573 1177 2634 nulla

66 2661 194 2744 adjutos
213 2664 422 2751 persuadendi
441 2664 570 2752 peritia,
592 2665 728 2749 'qualem
749 2666 834 2752 apud
855 2667 994 2732 Graecos
1013 2666 1178 2735 dialectica

68 2762 178 2845 docet,
198 2789 319 2863 povam
336 2766 530 2844 doctrinam,
553 2786 742 2851 quocunque
757 2768 832 2829 ituri
847 2780 952 2846 erant,
973 2772 1177 2854 promulgare

66 2870 224 2947 aggressos
237 2872 317 2947 esse,
336 2864 562 2953 perabsurdum
575 2868 629 2931 est.
672 2866 747 2947 Qua
760 2871 848 2933 enim
859 2868 973 2933 fiducia
988 2870 1071 2931 hanc
1080 2892 1179 2956 prae-

69 2961 210 3030 dicarent
232 2967 405 3031 doctrinam
435 2979 467 3031 et
490 2981 647 3033 novarent
669 2968 801 3033 omnia?
841 2968 1004 3032 sinuum
1024 2971 1177 3035 meacula

46 3068 251 3151 ‚patrabant,
278 3089 319 3130 an
340 3069 443 3132 simile
461 3089 529 3131 ven
521 3070 609 3151 ¹est,
636 3092 748 3152 magos
769 3072 800 3132 se
817 3081 865 3132 tot
882 3070 916 3132 in
935 3071 1079 3155 pericula
1098 3094 1177 3135 con-

24 3176 34 3257 ⁸.
64 3165 188 3248 jecisse,
217 3181 253 3230 ut
272 3166 446 3231 doctrinam
461 3171 665 3252 evulgarent,
691 3191 773 3256 quae
791 3172 929 3251 magicas
942 3184 1027 3235 artes
1040 3172 1177 3236 vetat?”

65 3263 322 3348 „lllireculorum
350 3269 463 3334 Christi
492 3283 525 3332 et
550 3274 619 3350 ejus
645 3271 869 3357 discipulorum
892 3273 1013 3336 sructus
1040 3276 1086 3336 etr
1113 3297 1177 3339 non

67 3364 235 3455 deceptio,
254 3367 310 3431 sed
324 3371 502 3431 animarum
517 3373 609 3438 salos.
658 3371 741 3452 Quis
754 3373 841 3435 enim
857 3369 974 3435 dixerit
986 3371 1176 3461 deceptione

66 3469 169 3548 effici,
197 3481 233 3530 ut
251 3468 440 3537 emendetur
457 3471 523 3533 vita
542 3482 576 3532 et
594 3471 716 3535 malitia
735 3470 877 3558 quotidie
897 3474 999 3552 magis
1011 3477 1177 3562 magisque

66 3567 280 3634 minuatur?”
301 3573 342 3650 (c.
353 3570 432 3635 Cels.
443 3569 484 3650 tl,
497 3580 547 3634 50.
560 3591 591 3656 p.
605 3575 693 3653 tes).
737 3571 880 3636 Omnino
893 3576 932 3637 ab
940 3570 1083 3654 Origene
1095 3600 1179 3640 cou-

66 3671 175 3736 filium
197 3669 422 3735 miraculorum
442 3672 556 3735 Christi
581 3674 664 3736 bene
687 3675 750 3737 esse
770 3676 968 3760 perspectum
990 3676 1177 3743 videmuse

65 3770 122 3836 lib.
136 3771 196 3839 111.
217 3794 243 3834 c.
260 3771 338 3835 Cels.
359 3775 449 3855 §.aa
472 3793 504 3857 p.
521 3778 601 3853 tat,
627 3773 707 3836 ubic·
737 3775 876 3855 „Nos’',
905 3776 964 3854 ait,
990 3780 1178 3855 „cumlesu

66 3890 120 3936 res
140 3875 240 3955 gestas
262 3892 444 3951 narramus,
480 3895 535 3936 cur
555 3872 727 3938 acciderint
746 3874 924 3938 totiditfima
946 3878 1025 3939 haec
1049 3901 1069 3941 a
1087 3882 1179 3945 nobit

65 3973 147 4036 ratio
175 3971 287 4053 datur,
321 3971 430 4035 Deum
455 3992 512 4058 per
529 3973 582 4037 Jes
568 3977 637 4039 sum
657 3977 787 4039 voltnsse
807 3979 974 4040 salutarem
994 3980 1178 4045 hominibus

67 4075 254 4137 constituere
268 4073 463 4153 doctrinam,
492 4074 651 4138 firmatam
666 4070 827 4162 quidem
816 4099 851 4140 ιιι
865 4081 1014 4164 apostolis
1026 4093 1179 4170 tanquam

64 4168 334 4259 &adamantias
323 4198 356 4241 ιιι
370 4177 485 4265 quibus
498 4188 603 4244 torum
617 4178 803 4245 christianae
816 4180 980 4265 religionis
996 4183 1179 4253 aedilicium
