2572 4770
358 228 365 267 '
434 205 616 348 (lrt'gerter¹
629 253 910 349 (Apusogetico).
1149 269 1219 341 ¹stt

109 431 217 521 inquit
236 432 264 514 Ι,
285 446 345 504 62'
364 457 395 520 p.
421 444 498 513 sto,
539 435 761 522 „respondem
802 438 858 524 qui
884 434 1058 523 prudenter
1083 449 1117 501 et
1140 458 1221 502 eau-

109 531 189 597 dide
218 555 269 598 res
304 538 344 598 ab
376 535 523 619 apostolis
554 534 626 598 Jesu
663 541 763 616 gestas
795 539 911 622 possint
938 539 1139 616 examinare,
1179 539 1222 603 ii·

110 636 317 699 manifestum
351 635 422 697 lieri
455 635 531 698 illos
571 635 681 703 divina
715 639 833 700 virtute
865 639 1030 702 roboratos
1063 637 1224 703 edocuisse

111 737 314 818 christianam
345 735 534 816 religionem
567 747 602 799 et
639 738 787 801 homines
820 740 919 801 verbo
954 738 1016 800 Dei
1051 739 1221 818 subjecisse.

53 906 61 925 ι
108 837 184 903 Non
197 839 286 900 enim
304 839 351 902 eis
371 835 546 900 secundum
568 847 651 900 artes
665 835 860 901 Graecorum
880 836 1059 902 dialecticas
1073 852 1128 901 aut
1141 840 1222 903 rhe-

108 939 225 1001 toricas
243 936 370 1000 dicendi
389 939 521 1001 facultas
540 949 574 1001 et
592 936 761 1002 disserendi
777 941 856 1002 r‘atio
869 941 972 1004 inerat
984 962 1046 1027 qua
1059 939 1221 1005 auditores

83 1040 166 1107 ,stoi
191 1041 404 1115 conciliarent.
454 1039 561 1123 Atque
582 1040 678 1101 etiarn
698 1041 825 1104 eresus
843 1043 984 1122 elegisset
1003 1052 1038 1103 et
1057 1038 1220 1103 doctrinae

107 1141 184 1203 suae
199 1140 359 1204 ministros
370 1132 562 1202 adhibuisset
576 1160 648 1217 eos,
670 1141 725 1226 qui
736 1142 913 1205 multorum
926 1142 1077 1232 opinione
1089 1140 1219 1225 sapien·-

107 1253 158 1305 tes
179 1243 354 1319 habentur,
382 1253 415 1303 et
433 1253 488 1303 aut
510 1238 670 1319 cogitandi
687 1242 857 1307 subtilitate
869 1258 925 1308 aut
939 1243 1091 1308 sermonis
1103 1245 1219 1302 facun-

105 1341 159 1406 dia
178 1341 394 1405 multitudinis
412 1344 540 1436 plausus
560 1340 685 1426 captare
706 1343 853 1426 possunt;
882 1346 963 1424 justa
987 1367 1061 1410 meo
1085 1341 1217 1428 quidem

104 1443 366 1528 judicioysuspicio'
381 1445 487 1505 suisset
502 1441 597 1505 simili
611 1460 685 1504 eum
698 1443 820 1515 ratione
834 1456 929 1531 atque
942 1447 995 1507 via
1009 1448 1099 1507 ultim
1114 1442 1217 1520 saissa,

105 1567 169 1632 qua
195 1545 375 1631 philosophi
403 1546 505 1606 sectae
534 1543 714 1629 cujuspiam¹
737 1556 881 1609 auctores
901 1547 948 1609 ost
970 1532 1059 1623 sunt,
1099 1563 1215 1629 neque,

103 1643 190 1734 quod
205 1647 391 1731 promissum
404 1648 449 1708 est
463 1643 504 1706 de
516 1640 676 1705 doctrinae
689 1648 759 1722 ejus
774 1643 958 1726 divinitate,
978 1646 1142 1709 videretur
1153 1639 1216 1704 ed·

103 1749 283 1833 impletum.
307 1795 316 1810 .
363 1747 455 1811 Nunc
474 1756 582 1806 autem
604 1745 651 1826 (p.
669 1747 745 1821 377)
768 1748 875 1831 ecquis
891 1750 952 1826 est,
977 1748 1049 1835 qui,
1072 1766 1143 1806 cum
1159 1745 1216 1805 vi-

102 1846 159 1910 det
178 1849 347 1931 piscatores
369 1858 402 1907 et
421 1845 607 1930 publicanos
626 1844 680 1903 vel
703 1845 877 1928 primorum
892 1849 1126 1910 elementorum
1144 1847 1214 1907 irn-

93 1949 222 2033 tperitos
237 1944 287 2023 (id
310 1948 395 2007 enim
418 1944 457 2007 de
472 1946 536 2033 illis
553 1944 703 2026 scriptura
727 1946 871 2022 testatur,
891 1942 1057 2037 “assellus
1069 1945 1143 2029 ipsis
1156 1945 1214 2007 in*

100 2048 263 2113 scientiam
282 2066 358 2108 vere
378 2044 624 2107 describentibus
645 2041 758 2123 credit)
783 2034 1041 2108 conliden‘ter'de
1060 2043 1125 2105 fide
1138 2042 1212 2107 Jesu

101 2143 305 2226 adjungenda
332 2165 397 2208 non
423 2143 521 2208 rnodo
548 2143 633 2232 apud
653 2143 794 2208 Judaeos
820 2144 997 2231 disputare,
1029 2142 1084 2205 sed
1112 2144 1212 2208 etiem

97 2247 185 2334 apud
209 2249 346 2333 reliquas
367 2257 477 2326 gentes
497 2247 645 2331 prospere
659 2246 765 2309 Jesurn
785 2247 992 2322 annunciare,
1021 2266 1086 2306 non
1106 2262 1213 2330 quae-

97 2351 184 2415 fierit
197 2346 282 2411 unde
299 2348 363 2410 illis
376 2347 475 2410 suerit
490 2345 700 2432 persuadendi
719 2344 879 2410 facultas?
908 2366 1013 2432 oeque
1032 2345 1120 2406 enim
1140 2353 1210 2407 erat

98 2448 249 2528 vulgaris.
300 2447 417 2534 Ecquis
434 2469 499 2511 non
518 2445 637 2510 dixerit
649 2446 758 2511 desum
777 2449 813 2511 in
831 2447 978 2532 apostolis
997 2445 1106 2507 divina
1123 2461 1210 2531 qua-

51 2545 62 2558 '
98 2549 174 2613 dam
195 2549 314 2610 virtute
336 2552 546 2636 exsequutum
563 2548 674 2623 fuisse,
706 2546 791 2634 quod
808 2549 861 2611 his
878 2548 1063 2633 promiserat
1085 2547 1209 2611 verbis:

98 2653 218 2717 Venite
235 2653 305 2735 post
323 2662 395 2727 me‚'
422 2650 537 2711 faciam
557 2669 616 2711 vos
633 2649 802 2734 piscatores
819 2648 998 2710 hominurn.
1022 2696 1062 2711 ..
1111 2646 1209 2727 Quo-
1258 2672 1262 2685 ¹

95 2755 186 2817 niam
206 2763 313 2815 antem
336 2751 444 2816 Celsos
463 2748 507 2832 (ᾗ,
527 2762 577 2815 68.
602 2773 634 2834 p.
657 2755 733 2830 378)
752 2750 849 2812 etiam
870 2749 1007 2811 infames
1027 2750 1119 2810 luisse
1139 2751 1207 2812 ho-

95 2856 203 2918 mines
225 2851 306 2912 dixit
326 2851 484 2935 apostolos
510 2872 591 2934 quos
611 2853 797 2935 publicanos
817 2861 849 2911 et
868 2859 981 2911 nautas
1000 2849 1207 2934 nequissimos

95 2967 205 3034 vocat,
231 2974 267 3015 ea
283 2951 372 3013 dere
390 2948 648 3032 respondebimus
661 2952 763 3035 ipsum
778 2947 896 3023 videri,
922 2959 958 3009 ut
974 2951 1127 3011 obtrectet
1139 2970 1206 3013 no-

95 3062 177 3123 strae
198 3054 376 3127 doctrinae,
410 3069 452 3110 ex
472 3050 510 3110 iis
532 3071 612 3135 quae
630 3051 740 3135 scripta
761 3049 832 3109 sunt
851 3048 967 3125 eligere
988 3034 1046 3134 pro
1069 3046 1205 3114 libidine

95 3157 183 3245 quod
202 3154 325 3232 credat,
354 3163 386 3213 et
406 3150 537 3211 omnino
552 3172 618 3211 non
635 3148 763 3212 credere
781 3149 971 3228 evangeliis,
993 3170 1035 3210 ne
1049 3147 1205 3212 divinite·
1245 3205 1247 3209 .

95 3271 164 3322 tem
189 3259 224 3320 in
246 3257 309 3318 illis
332 3253 419 3314 libris
439 3248 605 3313 evidenter
623 3248 869 3333 demonstratam
891 3247 1035 3315 confiteri
1058 3262 1203 3330 cogaturg

94 3381 168 3423 curn
192 3369 300 3421 contra
324 3353 451 3416 deceret
476 3371 570 3429 euro,
608 3350 679 3435 qui,
716 3369 777 3432 qua
797 3340 969 3411 lihceritate
991 3362 1134 3412 auctores
1152 3348 1203 3424 illi

91 3461 284 3545 scripserint,
313 3453 461 3530 videbat,
494 3472 533 3514 eo
554 3450 656 3530 magis
677 3447 885 3511 divinioribus
907 3452 1002 3513 rebus
1024 3470 1102 3535 quas
1123 3467 1203 3510 ner-

92 3573 166 3626 rant
195 3557 295 3621 fidem
319 3553 507 3634 adjungere,
541 3548 627 3635 quod
653 3570 693 3610 ne
712 3549 880 3627 abjectiora
901 3549 1032 3637 quidem
1054 3558 1202 3633 praeter-

92 3665 253 3727 miserant.
309 3658 434 3720 Verum
460 3655 506 3715 est
528 3651 562 3713 in
586 3648 751 3711 Barnabae
777 3649 926 3735 epistola,
961 3645 1047 3711 unde
1074 3645 1201 3709 sortasse
1228 3656 1232 3663 '

94 3762 201 3830 Celsus
224 3759 361 3824 hauserit
380 3755 538 3841 apostolos
556 3752 693 3814 infames
713 3744 805 3811 fuisse
830 3762 862 3812 et
886 3749 1106 3834 nequissimos,
1133 3746 1201 3828 legi

93 3865 251 3950 apostolos
273 3883 291 3921 a
304 3859 320 3922 J
325 3859 376 3918 esu
396 3856 486 3916 luisse
500 3854 635 3929 electos,
659 3850 714 3935 qui
728 3851 865 3935 improbi
879 3861 967 3913 erant
980 3860 1015 3910 ut
1029 3848 1109 3909 nulli
1122 3867 1201 3911 ma-

93 3965 153 4046 gis.
202 3964 242 4026 Et
263 3962 295 4022 in
314 3959 373 4021 liv.
395 3955 474 4020 Luc.
495 3950 628 4014 dicitad
648 3952 754 4014 Jesum
773 3951 901 4015 Petrus:
935 3946 1072 4012 Discede
1094 3968 1111 4009 a
1132 3968 1198 4033 nse,

91 4067 167 4154 quia
179 4065 277 4126 horno
293 4069 434 4145 peccator
448 4056 516 4115 sum
538 4051 676 4114 domine.
723 4049 788 4114 Sed
808 4063 841 4114 et
855 4051 989 4125 Paulus,
1013 4046 1069 4133 qui
1084 4059 1116 4110 et
1131 4047 1199 4134 ipso

90 4142 199 4256 posteo
216 4166 317 4227 sactus
336 4162 379 4222 cst
392 4158 465 4221 Jelu
480 4154 655 4241 apostolus,
676 4152 709 4216 in
721 4173 773 4238 ep.
786 4149 826 4213 ed
839 4149 922 4213 Tim.
935 4148 976 4212 tte
989 4147 1109 4223 scribta
1137 4146 1198 4224 Εἰς
