2572 4770
52 266 124 337 204
372 258 459 351 cap.
485 262 554 329 ΙΙΙ.
605 260 834 350 Dogmalr'aa.

49 420 255 523 significavit:
279 440 431 503 Jamvero
449 438 534 502 nlius
550 438 574 501 si
590 460 653 502 non
670 442 715 502 est
727 452 866 519 creatus,
882 435 935 501 sed
948 440 1144 505 aelnrnutuli

49 554 160 629 pater,
181 553 214 603 et
227 542 252 603 st
269 539 359 605 Deus
377 542 535 617 vocatur,¹
545 539 617 602 lieet
631 541 735 626 aliqua
750 542 873 604 ratione
889 550 980 625 patre
992 539 1094 603 minor
1104 540 1145 622 dt,

49 661 128 703 uere
139 638 231 703 Deua
243 643 307 703 esse
327 642 442 727 potes
445 653 468 703 t.
519 642 712 725 (teneram
732 642 847 707 scilicet
866 643 983 707 harum
996 639 1147 707 doctrine-

49 762 123 805 rnm
154 741 376 821 constantiam,
413 743 517 828 qualia
539 744 574 805 in
601 743 768 808 Athanasii
794 741 957 829 disciplina
985 740 1150 821 invenitur,

50 841 200 924 origenis
221 862 302 904 aevo
323 828 466 906 nondum
488 845 732 930 exspectamus.)
782 842 973 923 Quaeritur,
993 862 1152 907 anrerere

49 947 98 1011 lit.
145 944 289 1033 l'rirnunt
309 942 396 1005 silius
418 945 457 1007 ab
471 943 611 1026 ergene
628 946 757 1011 habitur
781 946 827 1009 est
849 944 1016 1007 voluntate
1033 944 1152 1031 prorsut
1198 966 1202 979 ·

50 1066 136 1109 unua
149 1044 202 1107 vel
216 1062 318 1106 unum
333 1063 407 1105 rurn
419 1038 525 1130 patrie,
553 1057 586 1110 et
606 1044 649 1111 de
663 1066 737 1111 men
751 1044 882 1131 quidem
894 1044 1051 1110 sententia
1063 1064 1154 1110 nemo

50 1168 122 1212 eum
137 1160 227 1233 patre
239 1146 334 1232 plane
346 1141 435 1209 idern
448 1145 535 1215 uelle
548 1148 666 1231 potest,
688 1147 746 1211 nili
758 1167 833 1210 vere
846 1147 885 1211 lit
897 1145 989 1209 Deua
1005 1143 1055 1225 (id
1072 1142 1155 1234 qnod

49 1250 116 1335 ipse
128 1247 286 1327 Origenes
297 1246 470 1327 significare
484 1244 626 1326 videtur,
650 1248 703 1309 ubi
716 1270 743 1309 c.
757 1247 837 1311 Cels.
851 1246 943 1326 VIII,
960 1260 1010 1316 12.
1032 1267 1064 1332 p-
1080 1256 1156 1315 75οι

49 1347 254 1431 ‚,stt·etn”,
273 1348 333 1426 ait,
349 1349 574 1433 „perspectam
587 1347 691 1411 suisset
706 1346 805 1411 illndr
824 1347 894 1428 Ego
906 1359 940 1411 et
954 1359 1047 1434 pater
1057 1368 1159 1433 unum

49 1452 157 1513 sumus
170 1494 179 1512 .
194 1497 203 1517 .
219 1495 244 1525 .‚
262 1447 397 1511 nonsibi
409 1444 581 1509 induxisset
592 1447 626 1511 in
637 1446 799 1525 ¹animum,
813 1448 913 1515 alium
925 1466 944 1511 n
955 1447 1050 1513 nobie
1061 1468 1159 1535 quam

48 1554 209 1615 summurn
223 1548 330 1613 Deum
341 1549 455 1628 roli”).
497 1544 627 1611 Deinde
640 1549 796 1613 momenti
812 1560 898 1612 rerte
912 1548 1048 1631 alicujus
1061 1548 1160 1614 ride-

48 1664 101 1715 tur
119 1653 199 1730 else,
218 1634 315 1736 'quod
333 1648 529 1738 parissimam
549 1648 654 1712 noller
672 1648 777 1713 lilium
796 1649 895 1735 patrie
909 1650 1008 1712 habet
1021 1669 1162 1716 emana-

47 1754 315 1839 tianern,„quae,
342 1746 447 1836 quod,
473 1748 533 1815 nili
546 1748 630 1833 ipse,
655 1744 767 1811 saltem
782 1749 939 1835 interpres
954 1762 1162 1817 commenta-

48 1856 90 1919 rii
103 1851 291 1935 origeniani
302 1852 337 1915 in
351 1871 402 1935 ep.
416 1847 457 1911 ad
470 1848 567 1911 Hebr.
584 1850 607 1911 l.
621 1850 644 1917 l.
660 1849 834 1929 intellexit,
858 1850 941 1916 aliua
953 1865 1090 1919 naturae
1103 1855 1163 1919 vix

47 1956 245 2042 potestesse.
282 1950 423 2017 TumT
436 1948 480 2017 ΙΙ
494 1948 529 2013 in
542 1948 615 2014 ton
629 1946 680 2013 ed.
695 1951 736 2013 H.
751 1950 795 2029 ll,
810 1957 850 2017 te
864 1953 1025 2038 improbat
1038 1953 1163 2035 Orige-

48 2078 108 2123 nee
128 2068 280 2139 tanquam
303 2044 570 2134 περιπίπτοντας
586 2045 731 2130 ψευδέσι
751 2051 806 2116 καὶ
826 2042 963 2132 ἂσέβεσι
982 2047 1161 2137 δόγμασιν,

49 2180 123 2223 enm
138 2149 359 2257 ἀρνουμένους
370 2140 567 2232 ἱόιότητα“
536 2149 612 2213 utari
630 2141 746 2236 ἑτέραν
760 2149 854 2239 παρὰ
866 2147 927 2239 τὴν
941 2174 1002 2219 rev
986 2153 1161 2242 πατρὸς,

47 2254 293 2341 ομολογοῦνιος
303 2240 401 2317 θεὸν
425 2237 511 2315 εἶναι
537 2244 596 2312 τὸν
617 2245 716 2333 μέχρι
740 2246 903 2333 ὀνόματος
928 2247 1019 2373 rrnp'
1043 2251 1164 2335 αὐτοῖς

45 2354 122 2424 'uidv
141 2344 482 2441 ποοςογορευόμιιον,
515 2361 586 2413 tum
610 2340 832 2433 αριουμένους
850 2351 911 2440 τὴν
927 2347 1080 2443 θεότητα
1097 2358 1163 2423 τοῦ

47 2454 141 2533 niati,
165 2450 323 2525 τιθέντας
342 2449 379 2515 aa·
400 2443 502 2515 αὐτοῦ
520 2446 580 2535 τὴν
597 2442 750 2535 ἰδιότητα
773 2452 831 2518 καὶ
848 2447 909 2539 τὴν
929 2449 1048 2521 οὐσίαν
1073 2454 1163 2527 ποιὰ

48 2543 495 2645 neprypopprrvyxniaovunu
508 2542 699 2634 insperanti
713 2544 858 2638 πατρός,
872 2555 893 2621 i.
909 2575 937 2621 e.
955 2578 1029 2622 cnm
1041 2556 1165 2625 diren-

47 2673 113 2739 tea,
134 2656 239 2721 lilium
252 2656 315 2715 elle
328 2651 453 2729 Deum,
479 2662 633 2731 negantes
645 2672 740 2731 vero,
766 2656 830 2716 ella
842 2657 1018 2741 separatam
1031 2680 1051 2723 a
1066 2673 1164 2748 patre

24 2762 230 2848 personam,
245 2767 326 2817 -ιιιιιι
349 2753 507 2830 dicentes,
535 2754 712 2839 separatam
731 2775 806 2818 eum
825 2759 887 2820 else
905 2771 1028 2846 epatre
1041 2764 1164 2849 perso-

1 2898 3 2914 .
46 2881 138 2939 naar,
167 2869 319 2937 negantes
331 2876 409 2917 vero
422 2853 538 2918 Deum.
587 2852 737 2918 sanavero
755 2855 789 2917 in
809 2869 942 2944 atraque
954 2862 1014 2925 har
1027 2862 1163 2950 improz·

45 2962 144 3027 babili
161 2958 312 3046 opinione
325 2953 527 3019 describenda
540 2957 597 3017 snb
610 2957 741 3019 nomine
757 2957 845 3023 θεοῦ
862 2960 1024 3025 intellexit
1038 2983 1160 3029 verum

45 3062 171 3137 Deum,
197 3058 231 3121 id
252 3057 337 3142 qnod
356 3056 523 3143 exprioris
537 3056 626 3120 illiue
641 3060 743 3121 lectae
761 3072 874 3126 natura
885 3063 1089 3151 perspicuum
1101 3068 1160 3133 est

44 3163 146 3259 Atqui
159 3163 224 3248 ipse
237 3159 344 3222 uerbis
359 3158 528 3244 proximis,
543 3172 577 3223 et
590 3159 749 3246 prioribus
766 3174 799 3223 et
813 3164 1055 3248 posterioribus,
1071 3188 1160 3254 qnae

44 3256 98 3335 hta
113 3263 286 3329 exscribere
300 3259 384 3338 lung'
357 3281 426 3322 orne
439 3261 502 3342 est,
528 3263 633 3325 silium
648 3260 757 3325 Deum
778 3264 842 3325 esse
859 3264 1023 3329 contendit
1042 3262 1157 3347 (θεὸν,

44 3388 111 3440 non
123 3356 300 3441 reuersa).
345 3360 429 3442 Ergo
445 3311 595 3445 Origenis
608 3358 707 3433 θεὸν,
728 3365 803 3427 Ιίοοι
818 3366 992 3431 inferioris
1005 3368 1042 3431 lit
1055 3391 1158 3456 quam

44 3462 62 3537 d
76 3459 177 3540 θεὸς,
204 3462 348 3545 ejusdem
363 3476 471 3526 tamen
485 3466 636 3551 cumipse
655 3479 787 3529 naturae
807 3470 860 3531 vel
877 3488 953 3531 vere
967 3466 1078 3533 Deum
1090 3472 1157 3535 effe

43 3568 118 3642 latia
143 3566 270 3634 constat,
327 3563 449 3649 Quodsr
474 3569 563 3629 enim
588 3568 670 3631 alius
697 3570 775 3631 esl'et
801 3580 952 3647 naturae,
976 3590 1044 3631 noa
1064 3574 1157 3653 esset¹

43 3665 132 3754 quod
151 3667 331 3761 posterioria
351 3667 438 3733 illius
457 3670 557 3733 sectae
576 3669 762 3755 opinionem
776 3671 896 3747 noster,
917 3671 1073 3735 simillimi
1087 3674 1156 3736 eri-

43 3769 142 3839 mittin
161 3788 253 3845 reus,
280 3769 483 3854 improbaret.
534 3771 689 3834 Similiter
707 3792 726 3834 e
744 3772 850 3833 verbis
866 3794 891 3833 c.
908 3771 986 3836 Cels.
1003 3772 1082 3854 vll,
1100 3787 1152 3840 17.

43 3892 76 3957 P·
92 3882 168 3939 706·
201 3862 253 3936 Τὰ
271 3868 351 3955 περὶ
373 3862 432 3933 τὸν
446 3862 572 3954 Ἰησοῦν
590 3876 695 3953 (cujus
712 3872 753 3936 de
773 3872 881 3936 divina
894 3866 1049 3953 dignitate
1064 3875 1155 3963 quod

42 3969 175 4049 dicitnr,
197 3970 290 4032 simul
305 3970 391 4032 valet
405 3968 445 4038 de
459 3972 525 4033 lilio
539 3971 634 4052 Dei),
663 3969 752 4037 καθὸ
770 3969 995 4058 perveniatur
1007 3966 1154 4061 θεότητι

46 4064 429 4153 arrianam-taran
466 4092 555 4135 eum
579 4093 676 4149 οσια
708 4097 764 4139 και
790 4098 836 4139 ου
863 4096 986 4155 μαχο
973 4096 1077 4154 ιενα
1102 4100 1154 4165 τι)

46 4171 144 4254 περὶ
173 4194 232 4233 aar
271 4169 396 4237 θείου
424 4166 582 4259 lavata,
615 4181 771 4262 sepultor,
801 4179 1152 4263 nonlolunrnotnen,

1043 4430 1124 4563 td?
