2572 4770
135 268 237 339 mo=
389 352 392 359 ¹
461 254 645 351 captu.
694 226 927 351 nomem

133 459 170 515 et
181 440 369 532 sapientiem
381 457 417 503 te
432 438 647 521 eognitionem
660 434 753 504 nohis
765 441 915 526 praebet,
935 446 971 503 et
984 458 1086 504 omne
1100 439 1185 529 qnod
1196 443 1248 505 sn·

135 559 224 613 etum
246 546 309 623 est,
336 542 525 622 tnncuficat,
553 552 587 603 et
606 540 720 626 implet
738 543 851 605 orbem
864 554 1043 622 terrerum,
1064 555 1100 605 et
1114 545 1248 608 eontinet

136 646 264 726 omnin,
290 644 411 728 etipse
429 644 592 711 coelorum
612 641 746 717 virtutes
761 642 1014 729 firmavit-etque
1028 648 1247 727 corroborarit,

136 761 172 815 et
180 748 240 835 ipsi
252 741 542 809 descendenticoeli
550 744 651 829 aperti
662 747 750 821 suut,
762 755 796 807 et
808 766 828 807 n
840 742 954 807 mundi
964 745 1189 811 constitutione
1199 750 1248 810 su-

135 871 197 939 per
214 868 313 934 eques
335 846 497 908 ferebatur
513 864 631 930 eaeque
651 844 878 926 sanctificabat,
910 858 945 909 et
965 846 1141 933 prophetes
1161 858 1248 935 etque

137 950 299 1037 apostotos
316 946 497 1032 inspiravit,
531 965 652 1031 eosque
672 946 757 1008 misit
775 958 813 1009 ut
830 944 999 1027 dominun,
1035 958 1071 1009 et
1096 968 1165 1010 une
1182 970 1247 1013 eum

6 1066 9 1073 ·
49 1130 53 1135 Ι
137 1064 231 1139 petre
246 1060 280 1113 et
291 1049 359 1111 tit-io
371 1058 575 1132 ooopemtur,
601 1058 635 1110 et
649 1048 733 1111 solue
746 1041 838 1111 novit
850 1068 933 1133 qune
943 1050 1016 1111 sunt
1027 1045 1110 1126 Dei,
1138 1068 1247 1135 quem-

138 1146 317 1225 edmodum
331 1148 539 1227 Unigenitue,
568 1159 602 1211 et
616 1150 713 1234 spiret
723 1150 778 1212 ubi
790 1149 881 1227 vult,
909 1159 943 1210 et
954 1146 1066 1211 divine
1081 1147 1198 1231 donet,
1215 1163 1247 1213 ut

137 1254 228 1331 vult,
256 1261 291 1315 et
306 1248 414 1315 fidelis
433 1252 532 1312 homo
549 1251 706 1334 templum
725 1249 823 1334 ipsius
842 1250 889 1312 est
908 1268 1011 1335 neque
1031 1268 1069 1312 ee
1082 1253 1200 1337 petris,
1219 1264 1247 1315 et

137 1356 218 1419 sieut
232 1353 267 1415 in
280 1353 441 1413 honorem
452 1360 486 1410 et
499 1348 775 1430 gloriam-deitatis
787 1348 949 1431 Unigeniti
969 1351 1114 1414 sanetum
1133 1355 1247 1439 pasche,

137 1456 184 1525 ite
195 1466 229 1518 et
241 1454 276 1515 in
288 1453 446 1514 honorem
459 1459 493 1512 et
506 1450 641 1529 glorium
654 1450 780 1536 spiritus
793 1452 908 1514 festum
915 1450 1122 1515 Pentecostee
1138 1456 1178 1515 eh
1188 1454 1251 1515 ini-⁴

136 1557 185 1618 tio
206 1554 400 1617 celebratum
420 1552 483 1629 est,
510 1562 543 1613 et
561 1550 593 1613 ei
616 1552 773 1615 ministret
792 1550 920 1617 Gabriel
941 1553 1020 1615 sicut
1037 1553 1248 1638 omnipotenti

137 1655 212 1721 Deo
231 1653 336 1739 petrin
364 1649 528 1737 quomodo
548 1650 639 1717 Deue
664 1658 732 1714 non
755 1654 800 1714 est
817 1688 862 1701 -
886 1646 972 1715 κατὰ
997 1644 1192 1737 αἱρετικοῦς
1210 1688 1248 1705 -

136 1755 195 1819 isse
230 1753 286 1839 qui
321 1750 582 1816 noe·'deisicet?.
612 1750 786 1831 Quomodo
820 1775 887 1817 non
922 1755 968 1816 est
1001 1750 1159 1819 dominun
1190 1758 1246 1830 ille,

137 1855 196 1942 qui
212 1874 274 1919 noe
291 1852 438 1917 liberum
452 1851 574 1917 donet?
616 1851 790 1932 Quomodo
803 1876 868 1917 non
882 1855 928 1916 est
940 1874 999 1917 rex
1012 1867 1048 1918 et
1061 1857 1246 1937 glorificetur
1285 1931 1286 1938 ἵ

138 1956 215 2036 itte,
249 1956 306 2042 qui
324 1955 360 2017 iu
381 1955 505 2033 hymno
528 1955 624 2017 simul
642 1976 715 2017 eum
735 1954 887 2018 creaturis
906 1953 1014 2019 Deum
1032 1954 1170 2022 laudere
1189 1982 1245 2023 non

135 2061 284 2141 jubetur,
311 2055 431 2143 quique
452 2076 513 2117 noe
536 2051 760 2135 dignariam,
790 2068 827 2119 ut
845 2076 902 2142 per
919 2054 1120 2141 baptismum
1138 2079 1246 2139 regue-

136 2180 212 2225 mue
233 2171 266 2222 et
286 2158 501 2239 glorificemur
522 2178 596 2219 cum
616 2153 765 2220 Christo?
805 2157 894 2222 stitit
915 2156 1002 2219 euim
1024 2157 1060 2220 in
1083 2158 1126 2223 iis
1145 2160 1245 2223 omni-

136 2263 215 2340 bus,
236 2280 319 2345 quae
333 2272 428 2322 antee
443 2257 485 2320 de
498 2256 609 2320 divino
621 2257 730 2345 spiritu
744 2254 933 2335 dictasunt,
959 2256 1146 2340 invenitur,
1169 2258 1245 2349 quod

137 2374 353 2431 creaturarum
371 2360 538 2444 proprium
558 2359 612 2438 fit,
640 2379 745 2444 neque
763 2358 950 2422 coelestibus
965 2379 1113 2446 unquam
1124 2363 1247 2425 virtuti-

135 2462 261 2528 bushie
278 2462 382 2523 honor
396 2458 520 2521 delatus
533 2461 595 2539 est,
625 2471 661 2521 ut
680 2461 774 2522 simul
794 2480 868 2524 cum
879 2455 951 2523 Deo
972 2471 1006 2522 et
1025 2474 1121 2546 petre
1135 2475 1169 2527 et
1181 2485 1246 2527 eum

135 2562 205 2626 itio
226 2570 570 2636 commemorarentur,
597 2580 670 2621 rum
690 2559 732 2623 de
753 2559 863 2622 divine
878 2570 933 2622 eut
951 2561 1051 2639 gretie
1063 2576 1123 2627 eut
1135 2586 1248 2652 opert-

135 2663 224 2727 tione
245 2670 306 2723 eut
334 2661 563 2740 glorificatione
582 2658 685 2721 sermo
713 2663 767 2723 est.
817 2659 910 2740 Quae
935 2681 1013 2724 vero
1036 2678 1247 2730 ereaturarum

134 2763 266 2852 proprie
284 2785 350 2825 non
369 2766 460 2840 sunt,
493 2782 531 2823 ea
550 2761 648 2824 solius
660 2760 724 2825 Dei
742 2763 870 2850 propriu
891 2765 955 2827 esse
973 2767 1180 2852 perspicuum
1192 2770 1246 2849 est;

135 2863 227 2930 Deus
242 2876 349 2930 eutem
363 2885 429 2925 non
443 2875 576 2926 creatur.
587 2863 607 2897 ’²

218 2965 279 3029 Hie
302 2964 344 3028 de
371 2976 485 3027 nature
511 2965 570 3027 filii
596 2976 630 3028 et
651 2964 777 3051 spiritus
797 2963 895 3028 sancti
917 2966 1048 3050 (quem,
1084 2967 1136 3031 uti
1162 2967 1247 3033 vidi·
1285 3033 1286 3042 ,

132 3084 225 3144 mus,
264 3085 283 3129 e
309 3077 401 3150 petre
427 3064 581 3152 proficisci
607 3067 756 3152 mittique
783 3086 803 3127 u
830 3066 899 3127 filio
925 3066 1049 3147 statuit)
1075 3090 1096 3131 e
1116 3070 1246 3154 Didymi

133 3177 247 3229 mente
280 3165 465 3252 propositis,
507 3165 640 3246 jemjnm
674 3164 815 3230 dilucide
845 3180 992 3254 appetet,
1033 3166 1077 3231 de
1110 3172 1246 3235 trinitate

133 3267 238 3355 ipsum
273 3268 417 3348 symbolo
447 3266 587 3331 Niceeno
619 3262 914 3331 convenientissime
945 3266 1096 3333 docuisse.
1153 3269 1246 3354 Quod

58 3360 64 3389 '
133 3382 198 3456 quo
218 3367 316 3432 etiem
339 3366 480 3452 penitius
501 3366 713 3450 intelligetur,
740 3367 823 3431 dicte
843 3368 940 3454 ipsius
963 3370 1139 3453 nonnulle,
1174 3374 1246 3461 qui-

132 3469 195 3533 hue
226 3464 274 3530 de
299 3468 492 3531 trinitate
519 3471 587 3531 vel
612 3466 748 3531 triade
777 3471 968 3534 universe
993 3470 1077 3552 agit,
1111 3473 1244 3539 eundem

132 3590 205 3635 uem
218 3568 316 3632 variis
328 3566 436 3631 modin
448 3581 482 3632 et
493 3566 742 3632 demonstrantia
754 3584 787 3634 et
799 3572 1003 3651 illustrantia,
1024 3571 1242 3640 adscrihemur.

131 3667 436 3746 vehementissime,
451 3681 487 3730 ut
499 3668 534 3731 id
546 3672 772 3758 anticipemus,
788 3670 830 3735 de
844 3684 885 3737 tr.
899 3672 960 3752 Ill,
975 3680 1027 3743 41,
1042 3682 1105 3741 44⁵
1122 3676 1244 3755 „Mon-

132 3769 288 3837 tenistee”
304 3766 528 3854 reprehendit,
560 3763 614 3835 ὅτι
635 3762 924 3853 ἇπομαντεύοπαι
943 3766 980 3837 ἓν
998 3768 1184 3859 πρόςωπον
1198 3764 1243 3840 ri-

130 3892 189 3937 m
198 3868 266 3933 τῶν
278 3868 381 3952 τριῶν
392 3862 499 3933 θείων
514 3860 743 3936 saumonem.
791 3872 891 3936 Porro
908 3871 1130 3962 ”Quicunque
1138 3926 1175 3957 „‚
1192 3879 1242 3940 in·

131 3968 257 4061 quitde
271 3972 316 4056 sp.
328 3973 391 4033 scto
407 3970 429 4032 l.
442 3967 470 4033 Ι.
493 3993 525 4056 p.
542 3981 620 4051 505,
648 3972 888 4037 ”communicat
899 3973 1024 4059 spiritui
1036 3977 1162 4058 saneto,
1182 3980 1241 4041 ste-

104 4087 108 4095 '
130 4071 193 4137 tim
210 4070 424 4135 eommunicet
445 4071 527 4157 petri
546 4085 579 4134 et
591 4072 678 4154 sisi03
705 4086 739 4138 et
763 4075 818 4160 qui
837 4073 1001 4137 ceritatem
1020 4076 1122 4142 hebet
1137 4077 1237 4165 petrin,

40 4179 43 4183 ’
129 4170 449 4255 manetho,
474 4173 687 4243 muuibutmn
707 4172 1096 4269 perspiritumseuetum.
1135 4174 1240 4263 Sedet
