2572 4770
534 324 886 398 ...52-

176 492 261 597 pant
290 499 491 592 peffimeque
525 496 724 567 cohaereant
753 510 824 565 tam
857 518 937 563 cum
964 496 1243 586 antecedentibus,

177 620 281 696 quam
304 627 382 670 curn
404 597 722 691 consequentibue3“
751 598 823 681 led,
850 614 888 666 ut
906 600 1076 680 omittam,
1100 626 1242 672 accura-

177 723 247 777 tam
271 706 477 794 lingularum
505 704 652 791 capitum
680 700 927 769 cohaerentiam
951 704 1040 790 apud
1059 706 1244 807 Eusebium·

177 833 248 876 non
263 811 325 876 elle
340 806 577 895 quaerendam,
593 805 758 893 equidem,
771 826 859 907 quae
874 810 912 872 fit
923 794 1098 894 pessima
1112 809 1166 875 ista
1181 833 1242 874 oo-

72 986 79 995 ,
176 908 365 991 haerentia,
397 908 534 974 minime
557 908 713 995 intelligo.
777 908 1002 994 Nequaquam
1024 909 1113 974 enim
1134 912 1242 997 cupite

95 1062 105 1075 .
173 1014 265 1087 [exto
281 1010 433 1078 universe
457 1023 630 1086 narratur,
654 1012 825 1075 Pantaeno
838 1010 1046 1077 Clementem
1064 1009 1252 1083 lurcellilse,

172 1114 339 1201 huiusque
361 1111 556 1198 discipulum
576 1111 670 1179 suille
686 1110 885 1199 Origenerp,
908 1112 962 1178 sed
977 1113 1017 1177 ad
1032 1113 1116 1179 illud
1134 1137 1241 1202 usqua

171 1232 305 1304 tempus
329 1213 372 1293 (i.
389 1235 417 1278 e.
439 1213 628 1295 etiamtum,
667 1235 749 1279 cave
770 1214 946 1301 intelligas,
978 1229 1055 1281 tunc
1079 1217 1240 1303 temporie

147 1378 152 1391 .
172 1321 381 1387 Clementem
399 1314 530 1380 scholae
550 1317 697 1403 praeeffe
720 1314 877 1398 deliilse),
906 1339 971 1404 quo
988 1316 1151 1404 Origenes
1165 1312 1241 1383 'flo-

26 1422 33 1439 ‘
157 1442 249 1487 rere
263 1417 424 1505 coeperit,
453 1418 677 1493 Clementem,
702 1417 789 1483 illiue
800 1433 1069 1506 praeceptorem,
1095 1420 1240 1487 docuille

65 1586 69 1595 ,
168 1520 362 1609 exponitur.
414 1518 575 1587 Eusebius
595 1519 728 1606 quidem
751 1533 847 1585 antea
870 1522 993 1586 addere
1016 1521 1135 1588 oblitus
1156 1536 1240 1604 erat,

109 1682 115 1691 .
171 1623 354 1710 Origenem
375 1620 570 1708 discipulum
589 1619 685 1688 fuille
702 1621 900 1704 Clementia;
928 1622 992 1687 lroc
1011 1625 1117 1710 capite
1135 1606 1240 1705 lento,

169 1724 229 1790 nbi
252 1725 312 1789 vix
330 1723 372 1788 de
393 1723 484 1790 initio
504 1722 736 1810 praefecturae
759 1724 981 1810 origenianae
1001 1740 1127 1812 egerat,
1159 1740 1241 1814 apta

51 1830 55 1839 '
169 1826 363 1894 transitione
387 1822 491 1906 farta,
521 1838 597 1895 ante
618 1828 806 1913 neglectum
833 1826 964 1927 supplet
992 1828 1121 1917 aliaque
1149 1852 1240 1893 non·
1267 1856 1270 1863 ·

169 1929 280 2010 nulla,
303 1928 368 1992 hao
380 1932 549 1994 oocafione
563 1927 690 2010 oblata,
714 1928 833 1993 adiicit.
883 1930 975 1995 Tum
993 1931 1163 1995 interiecto
1179 1950 1240 1993 ca-

167 2030 237 2123 pite
249 2030 402 2118 septimo,
427 2040 526 2115 caput
544 2043 700 2096 octavum
720 2051 780 2116 per
800 2030 957 2097 voculam
978 2031 1010 2095 ἐν
1030 2022 1138 2118 τούτῳ
1163 2030 1238 2110 (in-

168 2122 281 2211 te'rea)
307 2130 460 2215 Origenie
488 2130 653 2194 historiam
679 2131 764 2193 bene
784 2132 916 2217 excipit.
979 2129 1042 2211 At,
1074 2133 1118 2198 ait
1139 2133 1237 2198 Stro-

79 2282 87 2313 .ὶ
168 2231 275 2313 thina,
299 2231 406 2316 capita
427 2230 482 2294 illa
502 2230 592 2316 apud
605 2230 769 2297 Rufinum
789 2234 896 2296 nostro
917 2231 992 2297 loco
1016 2257 1085 2299 non
1101 2239 1236 2318 exibant,
1268 2314 1276 2326 ¹

166 2334 223 2402 ted
242 2333 343 2420 snpra
356 2330 463 2417 capite
483 2330 588 2398 tertio.
636 2331 821 2397 Enimvero
836 2333 951 2400 Rufini
965 2336 1019 2400 itta
1033 2337 1237 2425 interpreta-

166 2435 214 2505 tio
229 2435 316 2523 legea
329 2455 390 2499 noa
403 2432 643 2520 interpretandi
656 2456 724 2498 non
741 2434 845 2514 docet,
869 2437 1061 2522 praesertim
1078 2463 1164 2526 quae
1178 2442 1235 2520 ita,

114 2546 119 2569 ¹
168 2550 208 2603 ut
227 2536 372 2604 Rufinus
388 2533 424 2599 in
443 2534 601 2600 iniuriam
621 2534 754 2603 Eusebii
774 2538 957 2607 verborum
981 2563 1056 2606 eam
1078 2542 1165 2608 dedit
1184 2539 1234 2624 ³³),

66 2700 71 2715 ,
166 2639 251 2707 nihil
265 2640 300 2705 in
313 2635 427 2726 capitis
439 2637 524 2702 tertii
535 2637 769 2702 sententiarum
782 2663 907 2705 nexum
922 2642 1071 2728 quadret.
1107 2646 1235 2733 Quodfi

167 2742 311 2811 Rufinus
331 2738 454 2820 verba,
483 2752 522 2804 ut
541 2738 674 2822 sonant,
706 2742 803 2843 eapiti
822 2743 919 2809 tertio
939 2746 1134 2841 inseruilsqt,
1156 2747 1234 2814 sen-

166 2846 304 2913 tentiam
337 2841 472 2929 quidem
497 2840 697 2930 praeberent
729 2843 954 2932 probabilem,
992 2849 1048 2914 led
1079 2850 1233 2934 eandem,

1129 2976 1232 3040 quam

164 3065 374 3089 m

205 3179 269 3254 33)
298 3179 366 3239 Pon
387 3178 482 3240 verba
504 3177 601 3238 enirn:
630 3177 748 3251 „Unde
769 3192 800 3242 et
827 3183 936 3245 videm
957 3184 1134 3247 Demetrius
1160 3190 1233 3268 opii

269 3262 393 3343 qupua,
427 3264 510 3344 quod
532 3267 570 3323 nd
592 3264 687 3344 ipsum
711 3264 904 3348 (Origenenr)
928 3273 1090 3349 praecipue
1111 3272 1232 3333 doctri-

269 3369 327 3408 nae
355 3353 451 3429 gratia
477 3362 508 3408 et
535 3352 769 3429 praedicationis
798 3358 886 3414 verbi
906 3357 981 3427 Dei,
1014 3356 1230 3419 multitudines

162 3429 168 3441 ’
268 3434 421 3514 plurimae
439 3435 652 3507 convolarent,
682 3437 889 3499 catechizandi
910 3440 953 3511 ei,
982 3439 1014 3496 id
1036 3444 1075 3501 elt
1096 3440 1231 3504 docendi

167 3560 183 3597 ,.
268 3519 472 3594 magisterium
488 3519 521 3577 in
539 3520 662 3581 ecclefia
678 3523 826 3596 tribuit,“
851 3524 950 3603 pergit
964 3523 1094 3583 Rufinus
1110 3526 1171 3599 VI,
1189 3533 1228 3598 3:

266 3602 386 3681 „Quod
408 3605 524 3681 primur
546 3608 610 3685 poll
630 3609 778 3684 apostolor
802 3609 885 3686 apud
905 3608 1124 3671 Alexandriam
1146 3610 1255 3675 Pan-⁶

168 3704 201 3761 j
235 3726 240 3733 ·
268 3697 391 3760 menna,
414 3685 561 3747 secundun
583 3709 639 3769 per
659 3692 799 3751 ordinem
813 3693 971 3764 Clemens,
996 3695 1106 3754 tertius
1129 3697 1230 3758 admi-

268 3774 408 3835 nistravit
420 3771 578 3851 Origenes,
600 3774 691 3852 ipbua
705 3774 870 3856 discipulus
884 3777 1060 3847 Clernentia
1083 3781 1135 3858 qui
1152 3781 1228 3842 cle·
1273 3804 1276 3811 ·

269 3876 355 3918 meua
375 3859 408 3917 in
429 3879 522 3938 opere
543 3862 734 3940 Στρυμιτέων
757 3865 849 3921 etiam
872 3873 1024 3942 tempora,
1062 3867 1095 3923 iu
1117 3867 1228 3945 quibua

266 3941 363 4005 libror
384 3941 586 4016 describebat,
620 3946 653 4002 in
674 3949 837 4022 prooemiis
858 3948 1046 4025 designavit“
1075 3959 1131 4012 cet.
1177 3951 1226 4011 Cf.
1261 4018 1268 4029 ‚

267 4025 299 4089 h.
315 4046 342 4086 e.
357 4025 418 4101 vl,
439 4027 469 4093 6·
483 4032 517 4092 7.
561 4030 642 4089 Tum
662 4029 823 4092 interiecta
843 4033 965 4093 billoria
985 4035 1080 4094 Iudae
1102 4036 1226 4096 tandem

265 4110 396 4173 Rufinna
414 4112 453 4171 ad
474 4132 541 4173 rem
560 4116 744 4175 revertitur:
775 4114 899 4196 „Igitur
922 4117 1088 4198 Origenes,
1117 4122 1226 4181 iniun-

167 4228 181 4255 ·.
208 4226 214 4237 ·
265 4204 317 4255 cto
337 4196 391 4257 libi
413 4217 431 4257 a
452 4198 615 4259 Demetrio
637 4199 776 4282 episcopo
797 4203 958 4284 magisterii
977 4205 1096 4279 officio,
1122 4202 1242 4286 gram?

266 4281 408 4367 mancam
425 4280 559 4347 scholam
581 4282 732 4365 negligere
751 4290 880 4370 eoepit‘}
900 4300 958 4350 cet.
