2572 4770
128 250 181 327 re
247 259 254 269 ·
322 198 326 205 ’
435 241 541 339 ‚cap
564 239 646 314 ιιι..
684 228 915 328 Dogmata.
1023 298 1029 307 ,

42 462 45 467 ·
130 402 277 497 tentans
292 421 365 488 teto
376 422 442 487 v'ol.
455 420 499 486 II.
512 420 553 507 p.
571 424 656 501 180).
696 418 786 484 Nihil
799 416 906 504 potius
922 414 1046 495 docuit,
1065 408 1152 502 quod
1167 414 1250 478 tert-

131 544 245 622 pturae
258 529 360 589 [acrae
374 524 560 587 auctoritate
573 524 679 607 aliqua
694 522 817 583 ratione
833 541 897 581 non
911 521 1064 581 niteretur
1078 541 1113 595 ae
1126 516 1248 579 defen-

157 642 272 696 eretur.

70 720 74 727 ⁸
132 633 156 697 d
218 732 290 795 Jam
307 739 529 791 convertamur
544 721 584 786 ad
600 723 718 802 singula
736 722 833 807 ipsius
850 697 1021 802 dogmata,
1048 740 1132 805 quae
1147 742 1247 805 prae-

87 824 91 839 ’
134 833 228 922 cipue
241 833 330 911 funt,
353 824 566 911 describenda,

556 993 824 1075 Btbttotogia.

219 1136 272 1203 De
296 1106 613 1220 inspirationes.
640 1130 661 1192 i.
684 1142 717 1193 et
741 1131 834 1194 unice
859 1127 989 1216 quidem
1009 1128 1139 1194 Veteris
1159 1128 1246 1195 Tere.

135 1241 221 1331 apol.
238 1262 264 1304 c.
279 1251 307 1304 8.
331 1259 363 1322 Ρ.
380 1244 417 1300 85
433 1233 476 1316 tq.
495 1232 573 1291 haec
589 1225 688 1294 ⁴uerba
703 1233 794 1294 facit:
825 1232 911 1310 „His
926 1244 957 1293 et
968 1229 1154 1310 hujusmodi
1170 1243 1249 1293 tan-

136 1344 208 1407 tum
217 1338 440 1401 rationibus-
451 1353 469 1394 e
481 1331 602 1393 ratione
613 1335 754 1395 humana
765 1330 985 1416 defutnptis—
1001 1334 1026 1394 fi
1038 1333 1180 1393 contenti
1192 1333 1249 1393 ni-

30 1510 32 1517 ,
135 1454 293 1517 memor,
322 1434 438 1514 merito
459 1434 633 1495 humanam
648 1436 710 1495 esse
730 1436 962 1519 persuasionem
976 1435 1113 1495 nostram
1131 1434 1248 1519 aliquis

130 1534 297 1626 'judicaret
342 1535 466 1598 Verum
479 1555 551 1595 cum
565 1534 693 1618 insuper
709 1536 937 1621 prophetorum
954 1554 1049 1597 voces
1071 1535 1248 1597 rationibus

28 1675 30 1679 ·
82 1666 90 1673 ·
126 1643 250 1713 nostris
263 1637 362 1707 fidem
377 1637 526 1714 afferant,
547 1657 614 1696 uon
628 1634 754 1715 dubito,
778 1636 853 1723 quin
869 1657 927 1695 vos
939 1637 1054 1714 etiam,
1080 1636 1248 1701 literarum

127 1722 338 1808 'emantisfimi
357 1749 390 1798 et
405 1737 619 1821 sapientistimi
638 1738 812 1823 principes,
841 1737 985 1798 historias
999 1749 1031 1799 et
1044 1737 1155 1823 icripta
1169 1735 1248 1800 hio-

134 1847 196 1926 fis,
223 1842 359 1918 Jel'aiae,
387 1838 545 1901 Jererriiae
563 1848 596 1898 et
617 1836 1061 1922 reliquorum'prophetarum
1079 1839 1185 1925 aliqua
1205 1860 1247 1900 ex

126 1950 226 2035 'purte
251 1939 480 2022 cognoveritiS,
517 1939 571 2022 qui
591 1950 680 2001 extra
703 1941 734 1999 ie
756 1941 888 2024 suasque
916 1940 1120 2018 cogitationes
1142 1940 1245 2026 positi,

127 2045 239 2111 'divini
260 2042 386 2128 ipiritus
406 2038 559 2121 impulsu,
588 2039 739 2124 quicquid
758 2042 813 2102 ille
834 2044 867 2102 in
889 2043 961 2126 ipits
979 2039 1152 2119 efficiebat,
1173 2042 1247 2102 elo-

62 2216 65 2221 ,
126 2138 316 2236 ‘quebantur
335 2130 389 2218 (οἳ
403 2129 471 2200 κατ’
493 2131 649 2202 ἔκστασιν
667 2138 731 2202 τῶν
751 2139 785 2205 ἐν
808 2134 921 2216 αὐτοῖς
940 2138 1122 2225 λογισμῶν,
1151 2131 1247 2224 κινή-

125 2246 256 2319 ’όαντος
275 2233 398 2314 αὐτοὺς
416 2235 478 2300 τοῦ
496 2233 597 2301 θείου
611 2235 813 2320 πνεύματος,
842 2232 863 2301 ii
879 2237 1090 2329 ἒνηργοῦντο,
1114 2235 1245 2327 ἐξεφώ-

126 2330 270 2431 maur),
297 2361 371 2403 cum
389 2340 516 2422 spiritus
533 2340 580 2401 eis
598 2361 655 2401 ceu
669 2343 794 2421 organis
807 2353 966 2422 utet-etur,
989 2354 1025 2405 ut
1037 2343 1123 2406 tibiis
1136 2340 1178 2404 ad
1191 2343 1248 2405 in-

128 2442 279 2513 ‘ssendum
295 2441 343 2502 uti
356 2441 435 2501 tolet
446 2438 600 2502 tibicen.”

576 2609 805 2693 Theologia.

127 2729 155 2767 ²¹
218 2745 427 2812 Unitatem
449 2741 512 2808 Dei
526 2745 749 2827 Athenagoras
772 2760 843 2812 tum
862 2771 904 2813 ex
925 2746 1108 2812 auctoritate
1131 2749 1246 2836 philo-

123 2848 308 2937 Tophorum
328 2867 513 2927 graecorum
538 2845 683 2910 defendit
703 2852 786 2936 apol.
809 2874 835 2914 c.
857 2865 892 2928 6,
924 2864 999 2913 tum
1026 2849 1246 2936 philosophice

95 2969 97 2972 '
134 2951 329 3027 demonstrat
349 2968 436 3032 apoc.
458 2969 482 3010 c.
500 2959 528 3012 7.
549 2972 580 3034 Ρ.
596 2959 634 3014 32
650 2951 712 3036 sqq.
734 2951 791 3029 (ita
815 2963 1068 3032 argumentatur:
1097 2948 1133 3014 Si
1152 2953 1247 3015 initio

125 3049 198 3116 'duo
219 3052 272 3113 vel
292 3052 401 3136 piures
423 3044 467 3108 dii
488 3049 625 3129 fuerint,
660 3063 714 3113 aut
734 3053 852 3114 unuin
875 3054 962 3131 locu,
989 3063 1045 3113 aut
1064 3054 1146 3115 alius
1168 3054 1246 3115 alibi

37 3204 40 3209 .
120 3153 272 3216 ’fuerunt
297 3163 300 3169 '
329 3148 504 3211 Prios'eise
523 3172 586 3211 non
609 3154 728 3237 potest,
762 3153 879 3239 alioqui
905 3152 950 3214 dii
969 3153 1108 3238 impares
1127 3155 1244 3217 forent.

131 3250 191 3317 Sin
214 3250 347 3313 deorum
371 3250 504 3335 quisque
526 3253 607 3315 alius
628 3254 703 3315 aiibi
722 3255 784 3331 eit,
813 3266 844 3317 et
858 3255 912 3338 qui
925 3253 1187 3333 mundantem,
1211 3257 1245 3317 in

9 3428 15 3435 ‚
124 3373 174 3419 eo
191 3364 225 3415 et
244 3352 324 3414 circa
344 3371 420 3412 eum
440 3353 598 3431 vertatur,
624 3356 681 3417 uhi
699 3357 744 3417 eft
763 3356 845 3417 atius
863 3357 916 3416 vei
938 3354 1058 3419 ceteri?
1083 3355 1153 3420 Get.
1166 3355 1245 3421 Vid.

129 3450 314 3520 Mttnt'cheri
340 3449 467 3516 Handb.
502 3451 558 3515 der
577 3453 902 3535 Dogmeugeichichte
925 3454 1001 3517 111.
1032 3478 1063 3541 Ρ.
1088 3468 1149 3524 888
1172 3460 1244 3543 tq.),

124 3561 202 3616 hum
215 3552 344 3617 Veteris
360 3550 397 3614 T.
413 3552 489 3615 louis
504 3554 693 3638 quibusdam
714 3558 896 3642 comprobat
916 3556 1015 3641 (apol.
1034 3578 1059 3618 c.
1075 3569 1104 3622 8.
1125 3579 1159 3643 Ρ.
1176 3564 1242 3638 86).

127 3653 225 3719 nunc
244 3655 351 3718 Deum
374 3651 523 3717 disceruit
544 3654 674 3740 quidem
695 3678 714 3719 a
733 3658 909 3719 materia
932 3657 982 3736 (C.
1002 3666 1030 3722 ⁵.
1062 3680 1094 3743 Ρ.
1115 3671 1153 3725 19
1175 3662 1241 3745 sqq.

123 3730 423 3849 „biscernimusss’
450 3755 510 3833 ait,
539 3757 676 3834 „Deum
696 3780 715 3822 a
735 3758 867 3821 materia
892 3769 925 3819 et
949 3755 1119 3838 docemus,
1154 3756 1244 3822 aliud

119 3856 193 3936 ,etto
205 3857 333 3937 Deum,
355 3853 442 3917 aliud
455 3857 640 3937 materiam,
666 3870 699 3922 et
718 3881 871 3942 magnum
891 3861 975 3923 iuter
993 3862 1074 3923 haec
1091 3861 1156 3923 eise
1171 3858 1243 3924 dis-

127 3955 250 4021 crimen
281 3952 354 4035 (καὶ
375 3951 414 4021 τὸ
440 3954 498 4021 διὰ
524 3953 630 4038 μέσου
652 3956 774 4041 πολύ),·
810 3959 919 4022 Deum
947 3962 1036 4024 enim
1060 3962 1241 4043 ingenitum

118 4067 374 4143 uterumque,
388 4060 490 4122 menti
502 4071 627 4123 tantum
640 4072 673 4122 et
687 4062 802 4124 rationi
815 4062 972 4126 vifibilem
988 4065 1051 4126 ette
1065 4064 1242 4143 asserimus,

124 4158 293 4223 materiem
310 4152 466 4245 γεννητὴν
483 4160 540 4227 καὶ
559 4157 749 4247 φθαρτὴν),
779 4182 884 4250 neque
904 4175 1013 4230 tamen
1032 4164 1072 4230 ab
1089 4168 1158 4246 ejus
1173 4183 1241 4228 nu-
