2572 4770
61 248 166 349 Orig.
191 244 392 344 Diongstua.
420 249 564 343 'Petraea
592 236 1043 344 (usurariae.)1)icty'nun.
1097 249 1171 319 443
1201 228 1204 233 ⁵

60 423 269 510 accesserunt,
302 432 336 498 ia
357 429 422 492 esse
442 426 637 494 Christianos
656 429 860 509 confitentes,
892 439 926 493 et
944 428 978 493 in
1001 424 1174 491 custodiam

61 553 137 595 cum
154 531 323 625 tormentia
341 531 474 611 conjecti
494 533 584 610 sunt,
611 550 753 618 aequum
769 532 814 593 est
830 531 866 593 in
880 529 1080 594 exultatione
1099 547 1175 589 cor-

60 629 112 695 dis
124 631 210 696 vires
224 630 320 695 simul
335 629 470 712 addere,
497 644 530 694 et
548 632 596 696 eia
612 632 645 694 in
658 629 808 697 omnibue
821 629 1074 707 communicare,
1095 626 1176 690 etin

48 733 277 813 orationihus,
304 745 338 799 at
351 730 386 798 in
400 734 642 821 participatione
662 735 802 821 eorporis
816 733 1039 821 ectanguiuia,
1060 742 1094 793 et
1105 732 1177 793 ser-

59 835 168 897 monis
181 835 414 914 exhortatione,
427 847 464 898 ut
476 837 531 922 qui
546 836 739 906 constantina
746 833 1005 932 decertaverunt,
1018 834 1077 920 ipst
1090 853 1177 919 quo-

59 954 125 1020 qne
150 937 305 1022 supernae
333 937 512 1001 vocationis
538 936 648 1000 brabio
673 933 881 1018 dignentur.‘’
934 935 1176 1018 Argumentum

60 1046 171 1098 autem
188 1036 277 1102 istius
294 1037 397 1100 libelli
416 1037 608 1124 primarium
627 1039 674 1099 est
693 1036 971 1124 poenitentia,
1000 1039 1090 1115 cujus
1111 1053 1177 1096 ne-

47 1138 234 1201 cessitatem
247 1139 381 1203 etruria
399 1159 514 1220 genera
532 1139 636 1201 noster
649 1137 802 1218 ostendit3
828 1128 995 1224 quia'vero
1010 1135 1177 1198 confilium

59 1241 131 1318 ejua
145 1260 210 1302 nou
226 1241 270 1302 ast
282 1241 442 1321 ethicum,
463 1237 519 1304 sed
532 1238 573 1302 ad
587 1238 784 1326 disciplinam
797 1235 1033 1303 ecclesiasticam
1046 1237 1176 1318 spectat,

59 1350 285 1428 argumentum
295 1342 366 1419 ejus
376 1337 528 1402 iuducere
540 1338 665 1418 lougius
676 1335 814 1401 videtur.
854 1335 1038 1399 ltlemoratu
1055 1331 1180 1412 dignis-

59 1438 140 1503 finte
165 1437 256 1505 dedit
279 1437 487 1505 Staeudlinutt
511 1436 545 1501 S.
564 1439 607 1503 V.
627 1437 738 1503 Geich.
768 1435 799 1503 d.
818 1433 1013 1499 Sitteuleltra
1037 1432 1109 1496 Jesu
1132 1430 1178 1516 ll,

63 1540 198 1627 slsqu.
218 1575 263 1592 -
302 1540 409 1608 Etiam
424 1537 714 1621 jejunia-Petrus
728 1534 942 1603 commendat.
985 1534 1037 1598 De
1049 1534 1179 1613 jejuniis

38 1634 41 1647 '
60 1642 261 1728 paschalibus
280 1644 395 1722 fragm.
413 1641 469 1702 lib.
491 1637 533 1702 de
555 1626 702 1724 paschata
716 1659 774 1729 ap.
792 1637 915 1702 Ronth.
932 1635 993 1715 III,
1015 1645 1075 1701 843
1098 1635 1179 1696 haec

61 1745 160 1807 rerba
183 1744 278 1806 iacit:
318 1741 422 1823 „Non
449 1734 664 1828 reprehendet
689 1756 749 1802 noa
777 1738 947 1825 quiequam
973 1750 1120 1824 quartam
1145 1746 1181 1799 et

61 1847 184 1908 sextam
202 1843 317 1908 seriam
335 1843 553 1922 observantes,
581 1838 748 1926 inquibus
766 1860 827 1904 uos
841 1843 986 1920 jejunare
1003 1838 1182 1903 secuudum

60 1942 271 2008 traditionem
296 1964 371 2006 cum
393 1941 516 2005 ratione
542 1953 748 2028 praeceptum
776 1941 841 2020 est,
875 1950 1020 2025 quartam
1049 1937 1183 2024 quidam

60 2055 193 2133 propter
205 2045 323 2108 initum
338 2047 377 2108 ab
384 2043 515 2109 Judaeia
528 2045 693 2108 consilium
703 2042 744 2107 de
755 2041 939 2131 proditione
952 2039 1091 2123 domini,
1105 2045 1183 2106 ier·-

61 2160 131 2212 tam
150 2159 277 2226 autem,
307 2145 393 2233 quod
413 2147 479 2233 ipse
497 2168 557 2232 pro
576 2145 668 2209 uobis
687 2147 793 2231 passus
813 2145 861 2208 fit.
911 2142 1009 2206 Diem
1023 2164 1101 2206 uero
1116 2141 1182 2206 do-

61 2248 218 2311 minicum
234 2248 375 2310 laetitiae
387 2245 475 2309 diem
488 2247 629 2327 agimus,
651 2244 738 2331 quod
751 2246 786 2307 in
804 2266 843 2308 ao
859 2245 1045 2327 resurrexit,
1066 2244 1100 2306 in
1116 2230 1187 2331 quo⁸

63 2370 123 2417 uec
140 2369 245 2432 genua
261 2347 394 2438 quidem
409 2349 538 2413 flectere
553 2347 773 2435 accepimue.”

323 2628 326 2633 ,
361 2544 366 2553 '
396 2540 607 2632 (nectarus
634 2560 874 2633 rectumne„

148 2668 274 2751 Regula
291 2667 423 2733 Macarii
442 2667 614 2731 monastica
635 2664 714 2752 quid
734 2652 912 2743 contineat,
944 2663 980 2728 in
999 2646 1185 2726 universnm'
1223 2714 1226 2721 ,

63 2794 123 2860 per
142 2775 175 2835 se
196 2772 332 2849 constat,
360 2769 530 2852 etuliugula
547 2769 647 2832 fulina
670 2763 857 2856 exponendi
876 2766 929 2833 hic
944 2756 1035 2830 locus
1048 2789 1115 2830 uon
1128 2765 1186 2830 tti-
1210 2761 1213 2764 ’

66 2873 188 2957 detur.)

510 3029 743 3078 mortuus.

151 3133 279 3218 ”Quod
298 3137 448 3215 mairam
476 3133 520 3197 ait
533 3131 696 3216 Didymus
711 3133 822 3200 Enarr.
843 3132 877 3195 iu
891 3131 999 3198 Jacob.
1014 3132 1042 3199 1.
1063 3157 1095 3221 p.
1111 3146 1183 3204 820.

68 3241 125 3321 (l,
144 3232 311 3303 '’studium
327 3222 390 3317 est}
415 3256 512 3322 quam
524 3247 560 3299 ut
576 3235 691 3323 aliquia
704 3237 865 3322 perlectus
882 3235 972 3300 litet
985 3256 1098 3301 omnes
1113 3238 1187 3300 rir-

67 3354 155 3408 tutea
167 3337 338 3419 habeat?„
379 3338 531 3404 ”Corona
543 3348 651 3401 autam
662 3384 701 3417 „,
728 3337 765 3399 iu
783 3335 868 3399 hunc
885 3333 1021 3399 modum
1035 3337 1080 3400 ib.
1098 3333 1186 3419 dicit,

67 3441 419 3530 ”praeparaturaDeo
433 3437 712 3520 diligentibus
733 3454 863 3513 aum„
903 3434 977 3500 Jam
988 3458 1067 3499 vero
1081 3436 1117 3498 iu
1132 3455 1186 3519 ao,
1218 3478 1225 3487 -

68 3545 124 3632 qui
137 3546 169 3607 se
179 3543 278 3629 ipfiue
285 3543 348 3609 Dei
359 3539 570 3608 incarnationi
578 3540 803 3625 humanaeque
811 3535 908 3600 morti
918 3537 1053 3600 salutem
1067 3535 1188 3600 debere

71 3644 171 3712 credit
186 3641 327 3731 ideoque
350 3665 393 3708 ex
409 3644 524 3706 intimo
542 3641 652 3705 annuo
669 3640 773 3727 ipsum
786 3636 909 3719 diligit,
938 3635 1116 3723 etquidem
1128 3658 1189 3724 pet·

69 3746 274 3827 evangelium
293 3756 328 3810 et
338 3765 396 3834 per
411 3741 571 3811 Christum
585 3741 793 3830 spiritumque
807 3742 949 3803 sanctum
961 3738 1032 3800 veri
1045 3737 1187 3803 neminie

69 3850 216 3915 sauctitas
236 3842 380 3929 Didymo
402 3843 508 3928 judice
533 3830 669 3908 efficitur
695 3842 759 3922 (cf.
789 3843 896 3904 locum
918 3836 1119 3919 Didymeum
1144 3836 1189 3909 da

71 3971 168 4035 opere
182 3949 297 4015 Christi
311 3946 542 4032 etoperatioue
556 3944 681 4030 spiritua
695 3942 817 4022 sancti).
859 3938 1108 4002 ’'Sacratilicutur
1122 3961 1190 4004 no-

69 4071 148 4117 meu
163 4048 227 4113 Dei
244 4048 319 4132 (Eu.
338 4049 373 4113 in
396 4046 513 4115 tl‘etri
532 4043 591 4113 111.
612 4067 645 4131 p.
662 4054 734 4112 325.
755 4041 834 4126 D.),
861 4036 991 4125 quaudo
1010 4038 1116 4103 induti
1135 4061 1188 4123 eo,

70 4176 110 4225 ea
136 4174 219 4243 quae
245 4158 318 4222 sunt
344 4150 519 4219 sanctitatia
540 4147 755 4238 implemua.„
812 4141 987 4230 '’Cumqua
1013 4139 1104 4210 Daue
1130 4142 1187 4226 (in
