2572 4770
270 370 373 417 „J
460 312 834 395 *ruffi*-

103 490 270 559 videutnr
293 489 483 568 voluntate,
522 501 664 577 excepto
684 486 775 589 haud
799 476 898 581 dubie
918 487 1085 577 Origene,
1122 485 1180 576 qui

104 594 227 663 mrem
252 591 329 680 pari
350 610 429 658 cum
452 590 625 663 Clemente
646 592 844 691 anctoritate
864 588 1064 672 fruebatur)
1081 589 1185 683 iiiito-

109 697 250 765 riarum·
261 694 439 783 scriptores
456 694 744 761 ecclefiafficarum
766 714 938 784 perpauca
963 686 1058 759 nebia
1080 692 1187 761 tradi·

113 799 247 865 deruut.
302 794 376 861 cfr.
391 795 570 865 Michaelis
584 797 608 862 l.
622 796 645 862 l.
667 796 696 882 §.
711 795 745 865 5.
801 797 955 884 Ipsorum
975 797 1011 862 iu
1031 797 1187 884 potestate
1248 864 1249 868 ,

109 900 211 968 fuiffe
237 899 432 965 constituere
452 911 551 986 atque
572 898 746 980 ordinare,
780 896 938 999 quicquid
961 920 1036 964 ere
1055 898 1188 965 scholae

111 1004 179 1071 effe
199 1000 405 1082 iudicarent,
436 1000 514 1066 inde
536 1023 670 1088 quoque
692 995 900 1067 manifestum
915 997 971 1079 fit,
1002 1000 1188 1091 quod'nul-

82 1132 91 1151 ²
108 1106 187 1187 lua,
212 1116 375 1193 quantum
390 1102 543 1189 equidem
556 1102 641 1182 scio,
667 1103 754 1191 apud
768 1115 882 1192 patres
893 1103 1065 1169 invenitur
1082 1103 1189 1184 locus,

113 1227 185 1297 quo
203 1204 346 1295 episcopi
361 1204 401 1269 de
414 1204 546 1271 scholae
561 1204 773 1272 instituendae
785 1205 917 1273 ratione
932 1194 1114 1295 praecepta
1128 1203 1189 1269 de-
1227 1226 1231 1239 ·

115 1309 238 1375 derint.
286 1307 425 1374 Nonnifi
436 1307 470 1372 in
484 1308 676 1373 universum
690 1309 828 1374 salutem
844 1309 914 1373 eius
929 1298 1105 1407 curarunt
1120 1310 1190 1375 un-

115 1412 197 1502 gule
209 1408 389 1499 praefectis
404 1409 537 1496 lingulis
555 1409 696 1476 fuerunt
710 1410 923 1490 demandata,
949 1412 995 1475 ita
1010 1425 1048 1478 ut
1063 1409 1189 1496 Orige-
1205 1432 1207 1437 ’

116 1537 197 1592 nes,
228 1512 380 1601 episcopo
402 1534 445 1577 ue
464 1512 501 1578 in
524 1513 695 1578 confilium
716 1512 850 1600 quidem
872 1512 1035 1593 adhibito,
1073 1514 1189 1578 Hera-

117 1618 210 1684 clam
223 1615 283 1682 fibi
297 1615 422 1683 socium
436 1615 640 1703 adsumpserit
656 1614 796 1693 (Euteb.
808 1613 1021 1698 h.e.V1,15;
1047 1617 1190 1683 Hieron.

118 1717 260 1786 carde.
275 1710 353 1801 54).
401 1717 545 1804 Propter
567 1717 770 1799 doctrinam,
801 1717 1020 1805 quascholae
1036 1715 1190 1784 cateche-
1245 1742 1248 1747 ·

119 1822 206 1889 tiene
219 1817 381 1908 praefecti
394 1814 612 1903 excellebant,
635 1819 875 1887 honoratissimi
889 1833 1002 1901 erant3
1021 1832 1113 1887 tanta
1126 1839 1190 1883 au-

119 1938 191 1992 tem
211 1921 406 2000 auctoritas,
440 1935 599 2009 quantam
618 1920 654 1986 in
669 1922 842 1988 haereticis
856 1923 1089 2008 oppugnandis
1107 1918 1190 1987 Ori-

122 2048 241 2115 genes,
290 2023 326 2089 in
356 2023 472 2091 ea'dem
496 2047 535 2091 re
558 2036 658 2110 atque
683 2024 719 2088 in
745 2024 966 2089 conciliorum
995 2021 1192 2089 contestibus

122 2128 303 2216 Diouyfius
325 2124 461 2209 habuit,
493 2149 563 2191 non
587 2138 657 2192 tam
686 2124 850 2212 dignitatis
870 2110 1090 2193 catechetidae
1116 2120 1193 2202 fuit,

124 2253 229 2319 quam
248 2228 368 2321 inelyti
388 2228 541 2296 nominis.
590 2228 766 2314 Singulare
782 2250 866 2295 vero
881 2226 1029 2314 ipsorum
1044 2223 1194 2301 auctori?
1243 2210 1249 2223 ⁹

125 2332 195 2401 tatia
210 2331 429 2408 testimonium
442 2335 500 2414 est,
530 2330 626 2417 quod¹
639 2330 782 2417 plurimi
798 2331 995 2411 (Clemens,
1019 2331 1193 2417 Origenes,
1219 2365 1222 2377 ·

123 2435 305 2516 Heraclas,
328 2434 526 2522 Dionysius,
554 2432 700 2514 Pierius,
729 2435 850 2500 Petrus
863 2428 925 2514 ⁹¹),
960 2431 1083 2515 Arius,
1112 2431 1193 2499 Ma-

107 2535 258 2615 ¹carius)
280 2536 433 2601 ecclesiae
446 2534 700 2603 Alexandrinae
710 2535 907 2624 presbyteri
922 2533 1065 2616 fuerint,
1092 2547 1193 2621 atque

125 2640 208 2706 talea
223 2636 431 2727 presbyteri,
471 2660 618 2725 qnorum
640 2638 796 2705 nonnulli
824 2638 1041 2722 (Heraclass
1056 2637 1194 2723 Diony-

125 2746 207 2823 uus,
243 2741 381 2820 Petrus,
425 2762 469 2807 ex
492 2738 613 2826 quibus
633 2739 816 2829 Dionyfius
837 2752 870 2805 et
889 2740 1010 2806 Petrus
1032 2755 1193 2827 tauquam

127 2842 270 2932 episcopi
283 2843 383 2909 etiam
398 2841 636 2908 catecheticum
648 2864 772 2911 munus
786 2840 1013 2922 obtinuerint)
1029 2842 1070 2907 ad
1084 2841 1195 2929 ipsum

125 2945 277 3036 provecti
305 2948 368 3010 fint
397 2943 638 3031 episcopatum,
668 2944 804 3047 'reliqui
835 2932 1194 3022 eximia'auctoritate,

127 3047 226 3116 esiam
238 3059 396 3126 externa,
421 3046 531 3114 ornati
543 3044 681 3113 fuerint.
730 3045 1025 3134 (Athenagoram)
1047 3050 1195 3117 Pautae-

125 3173 230 3232 uum,
268 3140 478 3217 Clementem¹
497 3163 529 3215 et
546 3148 749 3227 Heraclam,
774 3160 872 3214 antea
890 3151 1028 3236 gentiles
1047 3149 1194 3239 quidem,

124 3252 238 3325 [chola
256 3255 365 3317 nostra
390 3250 507 3317 habuit
532 3249 684 3317 doctores
708 3249 967 3334 celeberrim0e3
1011 3253 1195 3342 Origenem

126 3364 264 3437 eontra,
295 3354 496 3443 Dionyfium
516 3365 549 3418 et
561 3352 770 3446 Didymum,
799 3352 1195 3444 [cholaefplendidissime

126 3457 274 3537 lumina,
292 3456 426 3523 ecclelia
443 3454 605 3521 catholica
617 3467 707 3522 tenet
720 3455 888 3523 haeretica
901 3471 981 3523 nota
993 3458 1171 3548 infiguitos.
1227 3470 1230 3475 ·

225 3562 299 3625 Iam
327 3582 411 3623 vero
432 3557 685 3645 disquirendum
711 3562 768 3640 est,
808 3561 1002 3627 mercede
1031 3563 1196 3646 aliqua,

126 3684 178 3727 en
208 3660 283 3724 [uo
315 3661 497 3748 ipsorum
531 3660 668 3727 sumtu
699 3660 872 3737 scholae
911 3662 1195 3731 cateohetieae

126 3761 337 3852 praefecti
361 3763 435 3831 alti
459 3762 631 3828 fuerint.
679 3762 790 3831 Nemo
805 3764 893 3829 hanc
906 3788 979 3830 rem
994 3764 1112 3850 tetigit,
1136 3763 1196 3829 niu

69 3902 71 3909 ·
125 3864 593 3954 LG.u1icha·etist.t.·p.2o7,
619 3866 677 3956 qui
689 3868 789 3935 nullis
801 3866 991 3957 praefectos
1004 3867 1083 3933 huic
1098 3865 1197 3934 seho-

125 4036 341 4057 m

69 4145 86 4199 Ι·
166 4122 235 4209 92)
258 4120 409 4197 Quamvis
422 4122 570 4184 Heraclea
584 4133 617 4185 et
629 4124 739 4188 Petrus
753 4127 929 4210 presbyteri
942 4124 1053 4186 diserte
1066 4145 1131 4188 ¹¹⁰ss
1147 4128 1197 4189 ffi-

234 4214 360 4282 cantur,
386 4219 492 4273 nmen
502 4208 586 4273 haud
599 4209 692 4276 dubie
704 4215 848 4292 fuerunt,
873 4214 960 4298 prius
974 4232 1066 4296 quam
1079 4214 1197 4299 episeo-

234 4291 270 4375 pi
282 4289 354 4357 sunt
367 4295 471 4357 creati.
514 4354 519 4375 ,
910 4314 915 4323 ’
1036 4312 1041 4319 ’
1254 4314 1263 4325 ’
