2572 4770
111 201 114 205 ‚
154 208 156 213 Α
291 235 463 329 origem
486 233 633 329 (Augu.
650 242 685 315 at
701 228 943 324 Dameam).
1096 244 1174 321 210

59 416 249 499 angelornm
263 415 449 479 tutelarium
463 436 584 481 munuc
597 412 776 503 pertinere,
802 434 885 503 qnae
900 412 1076 497 origene,
1097 413 1175 491 lion

59 519 231 605 scripturae
246 518 269 581 l.
282 514 374 581 dictis
390 518 571 596 nonnullis,
592 537 673 603 qnae
687 517 745 603 ipfi
757 518 868 588 farere
879 514 1089 597 ridebantur,
1109 516 1175 583 nd-

58 623 165 701 jutus,
196 630 305 681 tamen
330 618 473 681 maxime
491 615 635 693 Platonie
648 609 740 696 ⁶(rid.
762 617 873 681 Hoetii
891 615 1087 699 Origeniann
1104 620 1128 683 l.
1148 620 1187 689 l.'

61 725 88 806 ᾗ.
106 728 157 787 94.
179 742 212 807 p.
225 708 280 800 88)
293 720 478 783 auctoritate
491 732 688 798 commotus,
709 718 805 804 plane
814 718 985 798 [iugulatio
1000 717 1041 782 de
1051 721 1175 802 angeli·

61 819 253 908 quibusdam
270 825 375 884 habet.
418 820 458 885 In
470 820 543 884 Joh.
562 817 693 906 quidem
706 818 800 883 Tum.
816 816 909 883 XIII.
929 816 980 881 ed.
994 819 1035 883 H.
1047 819 1091 901 II,
1108 828 1173 893 242

62 924 194 1003 angelos
207 922 248 985 ad
263 924 433 985 hominum
447 924 532 985 fatue
545 942 564 984 a
576 921 648 985 Deo
662 917 825 985 ordinatos
837 922 900 985 elle
914 918 1005 999 dicit,
1034 940 1175 1007 quorun

62 1044 160 1110 opera
176 1045 290 1110 corpus
301 1035 334 1086 et
347 1023 455 1086 anima
468 1023 503 1087 in
515 1043 616 1085 unum
628 1006 817 1100 coal'ercant,
839 1031 873 1085 et
884 1019 923 1086 T.
939 1019 1034 1086 XIX.
1053 1022 1086 1084 in
1097 1023 1173 1093 Jeh.

60 1146 94 1211 p.
107 1135 169 1191 2²6
192 1145 235 1186 ex
253 1125 314 1186 hoc
326 1123 455 1188 Lucae:
485 1122 592 1189 Stulte
612 1124 672 1188 hac
695 1133 788 1185 nocte
803 1119 945 1184 animam
962 1132 1053 1187 tuam
1074 1142 1175 1210 repe-

60 1236 137 1287 tunt
156 1245 175 1288 a
194 1234 227 1285 ta
240 1225 466 1287 -hominum
479 1225 625 1288 omnium
638 1225 761 1288 animae
775 1242 800 1313 a
810 1222 1024 1307 ψυχαγωγοῖς
1037 1226 1189 1312 (μίασμ’
1213 1234 1217 1245 “

62 1322 138 1387 darn
159 1325 273 1387 assumi
293 1323 404 1404 tradit,
432 1336 527 1411 atque
543 1326 641 1404 hujus
655 1314 758 1387 iulum
774 1323 934 1388 Christum
954 1320 1174 1412 ψυχαγωγίας

59 1425 241 1489 Immunem
255 1426 366 1506 suillo,
387 1426 438 1490 cni
455 1426 571 1513 reliqui
585 1444 716 1507 omnen,
739 1428 837 1491 etiam
852 1427 1066 1513 patriarchae,
1091 1450 1174 1515 pro-

58 1527 178 1614 phetae
199 1539 231 1592 et
250 1529 382 1614 apostoli
396 1528 518 1590 fuerint
533 1526 664 1591 obnoxii
684 1526 796 1608 (adde,
825 1529 971 1607 filubet,
1000 1525 1087 1614 qood
1106 1529 1175 1593 ho·

57 1629 128 1692 mil.
140 1629 184 1708 V,
197 1640 223 1703 ,8
240 1629 274 1691 in
288 1629 420 1695 Numer.
440 1630 504 1692 vol.
519 1626 562 1708 II,
579 1639 640 1694 286
659 1630 781 1692 lanctoe
800 1629 839 1690 ab
855 1628 977 1710 angelie
996 1630 1066 1714 poll
1078 1649 1174 1695 mor-

56 1740 129 1792 tem
149 1729 298 1794 manibus
321 1743 355 1797 at
375 1731 520 1794 humeris
539 1729 616 1793 vehi
635 1727 847 1808 demonstrat,
878 1727 979 1793 donec
997 1730 1031 1793 in
1055 1730 1173 1818 quieti·

55 1832 165 1895 locum
180 1828 309 1893 deducti
323 1832 409 1912 lint).
459 1831 600 1916 ”Neque
620 1832 722 1893 solum
739 1830 1175 1904 circanoemultaeeliedi-
1238 1886 1246 1904 .

56 1933 152 1996 vinae
164 1933 316 2015 virtutes,
340 1932 394 1994 led
413 1932 512 1996 etiam
528 1931 612 1995 intra
629 1951 717 2010 noe„
734 1928 812 1993 dicit
824 1929 912 1994 hum.
925 1930 1006 2014 XX,
1020 1947 1040 2001 2
1058 1934 1093 1998 in
1107 1934 1172 2003 Iol.

55 2035 125 2100 rol.
142 2031 185 2112 II,
203 2039 275 2098 444.

128 2130 237 2212 ¹(luaa
258 2132 366 2195 omnia
388 2129 429 2196 da
446 2130 571 2214 angelis
592 2150 666 2194 cum
684 2125 828 2196 docuerit
849 2134 971 2212 notter,
999 2133 1174 2214 angelo·

53 2233 228 2301 minima
253 2231 525 2313 negligendos
547 2235 630 2296 elsa
657 2253 722 2296 non
746 2231 851 2298 dicere
874 2235 1072 2320 nonputuit.
1121 2233 1174 2301 Ite
1244 2243 1248 2253 ‘

56 2362 85 2403 c.
96 2334 276 2412 celr.v111‚
293 2345 341 2401 ta.
357 2350 388 2420 p.
400 2345 478 2401 751:
501 2333 560 2414 „si
574 2332 964 2416 intellexillet(Celiue)”,
984 2336 1045 2415 ait,
1064 2336 1174 2424 „qui-

55 2459 135 2505 nam
142 2438 204 2500 lint
213 2439 281 2523 post
288 2434 350 2501 Dei
364 2434 650 2516 unigenitumvere
663 2434 884 2520 ministriDei,
901 2434 1089 2517 utGabriiil,
1101 2435 1173 2503 Μί-
1255 2424 1267 2438 ⁸

55 2538 151 2604 chaia'l
170 2550 203 2600 et
220 2538 275 2598 alii
292 2536 402 2618 angeli,
413 2550 509 2625 atque
523 2537 722 2618 archangeli,
750 2547 783 2598 et
795 2556 852 2601 coe
870 2535 1021 2601 colendos
1034 2540 1098 2602 elie
1115 2538 1174 2603 di-

53 2638 153 2705 xilset
179 2635 263 2718 (δεῖν
280 2628 575 2723 &conueniendum
606 2639 751 2712 fortasse,
781 2639 958 2725 repurgatis
979 2660 1052 2703 cum
1071 2641 1175 2721 ligni·

54 2739 207 2806 licatiune
226 2739 314 2813 illiue
333 2738 422 2802 vocie
441 2737 585 2818 colendi,
614 2750 683 2801 turn
702 2741 772 2818 ejus
792 2740 846 2825 qui
860 2740 934 2802 colit
948 2740 1079 2820 officiis,
1107 2743 1174 2819 hoe

54 2843 130 2905 loco
151 2859 209 2925 pro
226 2837 274 2900 rei
289 2850 456 2902 momento
473 2841 644 2903 attulill'em
665 2859 721 2917 ea,
750 2860 832 2924 quaa
851 2837 891 2903 de
907 2842 969 2904 hoo
982 2853 1174 2922 argumento
1233 2898 1236 2903 ,

56 2941 180 3027 aiiequi
194 2940 359 3003 intellectu
375 2939 476 3026 potui.
520 2939 602 3005 (luna
618 2951 728 3001 antem
743 2940 902 3004 ministros
914 2941 1073 3008 existimet
1090 2942 1175 3010 dae-

56 3062 174 3108 mones
185 3041 277 3119 illos,
300 3042 355 3128 qui
368 3039 541 3104 adorantur
554 3060 572 3100 a
584 3039 748 3120 gentibus,
770 3064 837 3106 non
849 3064 956 3106 rerum
972 3047 1174 3132 consequen..

56 3144 105 3208 tia
129 3162 189 3206 noe
208 3141 291 3221 cogit
311 3161 425 3204 corum
445 3139 614 3205 admittere
635 3142 773 3221 cultum,
809 3165 889 3228 quoe
909 3143 1060 3230 scriptura
1080 3145 1175 3225 docet

56 3247 124 3309 ane
145 3243 305 3306 minnaos
325 3244 402 3306 man
422 3243 511 3305 nlius
529 3252 563 3305 et
581 3242 731 3328 principa
750 3242 848 3320 nujus
861 3245 975 3324 secun,
997 3246 1052 3331 qur
1066 3267 1084 3308 a
1099 3230 1173 3314 noo

54 3345 176 3411 avertit
186 3332 392 3430 quoscunque
405 3346 516 3429 potest.
524 3344 544 3377 '‘
582 3340 709 3406 Ibidem
721 3346 745 3426 l.
758 3354 806 3409 ⁵7.
818 3365 850 3428 p.
860 3354 920 3410 7⁸5
934 3343 1029 3409 dicit:
1050 3338 1175 3432 Εὔφη-

55 3445 185 3529 patinea
199 3435 320 3519 αὐτοὺς
333 3445 492 3524 (angelos)
507 3441 565 3505 καὶ
574 3437 810 3526 μακαρίζομεν,
825 3439 1091 3530 ἔγχειρισθὲοτος
1102 3439 1172 3514 iul

55 3545 120 3614 τοῦ
131 3543 219 3610 θεοῦ
230 3539 272 3606 τὰ
282 3536 430 3630 χρήσιμα
441 3543 490 3630 τῷ
503 3541 590 3628 γένει
604 3534 704 3628 ἡμῶν.
748 3542 888 3607 Adora
900 3569 919 3608 n
929 3546 999 3612 doe
1018 3569 1095 3611 vern
1108 3567 1175 3613 an-

56 3651 148 3732 gelos
165 3648 330 3712 clarissima
349 3656 454 3725 negat.
496 3643 612 3708 Statim
625 3647 646 3709 1.
661 3646 683 3707 t
699 3647 819 3729 pergit:
852 3637 901 3711 Oi
912 3644 979 3735 μὴν
990 3640 1051 3733 τὴν
1069 3639 1174 3732 ὀφει-

57 3743 200 3834 λομένην
233 3743 321 3833 πρὸς
351 3741 437 3810 θεὸν
468 3741 568 3831 τιμὴν
599 3737 733 3823 τούτοις
768 3739 988 3829 ἇπονέμομεν.
1048 3749 1173 3817 Pariter

57 3875 84 3917 c.
100 3850 179 3916 Cell.
192 3850 219 3928 I,
237 3863 285 3915 11.
307 3869 338 3932 p.
355 3859 414 3914 829
437 3846 481 3908 ait
494 3847 653 3912 Christum
672 3846 802 3929 docere,
830 3839 888 3913 cdv
905 3845 965 3915 ini
984 3847 1072 3914 πᾶσι
1087 3844 1174 3916 θεὸν

56 3944 163 4038 μέσον
175 3948 243 4014 δεῖν
263 3944 391 4028 σέβειν,
412 3937 455 4011 coi
470 3945 508 4012 di
521 3945 642 4024 λοιπὰ,
664 3936 741 4033 ἤτοι
753 3943 798 4026 ὡς
811 3946 858 4034 μὴ
873 3936 952 4013 ὄντα
961 3993 971 4025 ,
992 3940 1016 4036 ἡ
1030 3944 1074 4029 ὥς
1089 3940 1173 4018 dm
1242 3966 1244 3972 '

56 4058 120 4143 μὲν
137 4054 195 4119 καὶ
212 4050 312 4138 τιμῆς
329 4043 425 4127 ἄξια,
446 4042 487 4115 οὐ
500 4050 562 4132 μὲν
577 4048 633 4114 καὶ
651 4041 904 4138 προςκονὴσεως
917 4047 974 4114 καὶ
986 4050 1171 4136 σεβασμοῦ,

57 4154 224 4247 nudanda.
273 4155 446 4242 Praecipue
465 4164 574 4218 antem
592 4153 635 4218 ib.
654 4152 698 4237 V,
719 4160 749 4222 l.
769 4162 797 4221 5.
818 4174 851 4240 p·
867 4163 939 4220 579.
961 4162 1042 4222 580:
1076 4154 1171 4241 „Ean
