<?xml version="1.0" encoding="UTF-8"?>
<!DOCTYPE html PUBLIC "-//W3C//DTD XHTML 1.0 Transitional//EN"
    "http://www.w3.org/TR/xhtml1/DTD/xhtml1-transitional.dtd">
<html xmlns="http://www.w3.org/1999/xhtml" xml:lang="en" lang="en">
 <head>
  <title>
</title>
<meta http-equiv="Content-Type" content="text/html;charset=utf-8" />
  <meta name='ocr-system' content='tesseract 3.04.00' />
  <meta name='ocr-capabilities' content='ocr_page ocr_carea ocr_par ocr_line ocrx_word'/>
</head>
<body>
  <div class='ocr_page' id='page_1' title='image "./descholaquaeale00guergoog/descholaquaeale00guergoog_0342.png"; bbox 0 0 2572 4770; ppageno 0'>
   <div class='ocr_carea' id='block_1_1' title="bbox 404 288 1182 387">
    <p class='ocr_par' dir='ltr' id='par_1_1' title="bbox 404 288 1182 387">
     <span class='ocr_line' id='line_1_1' title="bbox 404 288 1182 387; baseline 0.022 -27"><span class='ocrx_word' id='word_1_1' title='bbox 404 294 574 385; x_wconf 83' lang='lat' dir='ltr'>Origenea</span> <span class='ocrx_word' id='word_1_2' title='bbox 599 288 848 387; x_wconf 65' lang='lat' dir='ltr'>(weotogia).</span> <span class='ocrx_word' id='word_1_3' title='bbox 1109 306 1182 377; x_wconf 76' lang='grc'>195</span> 
     </span>
    </p>
   </div>
   <div class='ocr_carea' id='block_1_2' title="bbox 67 440 1183 567">
    <p class='ocr_par' dir='ltr' id='par_1_2' title="bbox 67 440 1183 567">
     <span class='ocr_line' id='line_1_2' title="bbox 67 440 1183 567; baseline 0.01 -30"><span class='ocrx_word' id='word_1_4' title='bbox 67 466 165 567; x_wconf 72' lang='lat' dir='ltr'>„Sed</span> <span class='ocrx_word' id='word_1_5' title='bbox 183 482 293 565; x_wconf 84' lang='lat' dir='ltr'>tamea</span> <span class='ocrx_word' id='word_1_6' title='bbox 311 492 411 559; x_wconf 84' lang='lat' dir='ltr'>pauca</span> <span class='ocrx_word' id='word_1_7' title='bbox 419 474 456 551; x_wconf 85' lang='lat'>”,</span> <span class='ocrx_word' id='word_1_8' title='bbox 483 466 592 560; x_wconf 79' lang='lat' dir='ltr'>paucio</span> <span class='ocrx_word' id='word_1_9' title='bbox 612 475 784 555; x_wconf 78' lang='lat' dir='ltr'>interjectio</span> <span class='ocrx_word' id='word_1_10' title='bbox 801 440 921 564; x_wconf 58' lang='lat' dir='ltr'>uergit,</span> <span class='ocrx_word' id='word_1_11' title='bbox 955 478 1007 558; x_wconf 89' lang='lat' dir='ltr'>„ll</span> <span class='ocrx_word' id='word_1_12' title='bbox 1025 476 1066 543; x_wconf 88' lang='lat' dir='ltr'>ad</span> <span class='ocrx_word' id='word_1_13' title='bbox 1085 480 1183 562; x_wconf 71' lang='lat' dir='ltr'>hujus</span> 
     </span>
    </p>
   </div>
   <div class='ocr_carea' id='block_1_3' title="bbox 67 574 1185 861">
    <p class='ocr_par' dir='ltr' id='par_1_3' title="bbox 67 574 1185 861">
     <span class='ocr_line' id='line_1_3' title="bbox 68 574 1183 669; baseline 0.009 -32"><span class='ocrx_word' id='word_1_14' title='bbox 68 574 285 638; x_wconf 84' lang='lat' dir='ltr'>univerlitatia</span> <span class='ocrx_word' id='word_1_15' title='bbox 303 574 565 659; x_wconf 83' lang='lat' dir='ltr'>compolitionem</span> <span class='ocrx_word' id='word_1_16' title='bbox 584 576 724 660; x_wconf 77' lang='lat' dir='ltr'>spectes,</span> <span class='ocrx_word' id='word_1_17' title='bbox 752 596 794 639; x_wconf 87' lang='lat' dir='ltr'>ex</span> <span class='ocrx_word' id='word_1_18' title='bbox 813 579 990 663; x_wconf 80' lang='lat' dir='ltr'>praecipuis</span> <span class='ocrx_word' id='word_1_19' title='bbox 1009 583 1078 659; x_wconf 85' lang='lat' dir='ltr'>ejus</span> <span class='ocrx_word' id='word_1_20' title='bbox 1097 604 1183 669; x_wconf 83' lang='lat' dir='ltr'>ope·-</span> 
     </span>
     <span class='ocr_line' id='line_1_4' title="bbox 67 672 1184 769; baseline 0.008 -31"><span class='ocrx_word' id='word_1_21' title='bbox 67 676 158 738; x_wconf 75' lang='lat' dir='ltr'>ribus</span> <span class='ocrx_word' id='word_1_22' title='bbox 166 678 357 761; x_wconf 85' lang='lat' dir='ltr'>consequuta</span> <span class='ocrx_word' id='word_1_23' title='bbox 367 678 452 750; x_wconf 88' lang='lat' dir='ltr'>lunt,</span> <span class='ocrx_word' id='word_1_24' title='bbox 473 672 748 759; x_wconf 73' lang='lat' dir='ltr'><strong>quemadmodum</strong></span> <span class='ocrx_word' id='word_1_25' title='bbox 760 696 803 739; x_wconf 88' lang='lat' dir='ltr'>ex</span> <span class='ocrx_word' id='word_1_26' title='bbox 811 679 989 764; x_wconf 81' lang='lat' dir='ltr'>praecipuis</span> <span class='ocrx_word' id='word_1_27' title='bbox 1003 681 1084 745; x_wconf 85' lang='lat' dir='ltr'>fabri</span> <span class='ocrx_word' id='word_1_28' title='bbox 1097 705 1184 769; x_wconf 86' lang='lat' dir='ltr'>ope·-</span> 
     </span>
     <span class='ocr_line' id='line_1_5' title="bbox 69 775 1185 861; baseline 0.011 -24"><span class='ocrx_word' id='word_1_29' title='bbox 69 775 160 838; x_wconf 81' lang='lat' dir='ltr'>ribus</span> <span class='ocrx_word' id='word_1_30' title='bbox 179 777 299 838; x_wconf 88' lang='lat' dir='ltr'>tortilia</span> <span class='ocrx_word' id='word_1_31' title='bbox 319 776 457 855; x_wconf 79' lang='lat' dir='ltr'>segmina</span> <span class='ocrx_word' id='word_1_32' title='bbox 473 777 645 861; x_wconf 79' lang='lat' dir='ltr'>leobesque</span> <span class='ocrx_word' id='word_1_33' title='bbox 657 777 905 861; x_wconf 78' lang='lat' dir='ltr'>consequuntur3</span> <span class='ocrx_word' id='word_1_34' title='bbox 927 781 1003 843; x_wconf 72' lang='lat' dir='ltr'>ficiat</span> <span class='ocrx_word' id='word_1_35' title='bbox 1016 783 1113 847; x_wconf 83' lang='lat' dir='ltr'>eliam</span> <span class='ocrx_word' id='word_1_36' title='bbox 1126 807 1185 849; x_wconf 84' lang='lat' dir='ltr'>ar-</span> 
     </span>
    </p>
   </div>
   <div class='ocr_carea' id='block_1_4' title="bbox 8 974 1278 4357">
    <p class='ocr_par' dir='ltr' id='par_1_4' title="bbox 71 974 1269 1476">
     <span class='ocr_line' id='line_1_6' title="bbox 71 974 1183 1061; baseline 0.013 -24"><span class='ocrx_word' id='word_1_37' title='bbox 71 974 178 1061; x_wconf 82' lang='lat' dir='ltr'>riaque</span> <span class='ocrx_word' id='word_1_38' title='bbox 203 974 328 1053; x_wconf 71' lang='lat' dir='ltr'>acervi,</span> <span class='ocrx_word' id='word_1_39' title='bbox 364 977 420 1060; x_wconf 83' lang='lat' dir='ltr'>qai</span> <span class='ocrx_word' id='word_1_40' title='bbox 441 995 540 1061; x_wconf 83' lang='lat' dir='ltr'>prope</span> <span class='ocrx_word' id='word_1_41' title='bbox 567 974 710 1037; x_wconf 82' lang='lat' dir='ltr'>aedificia</span> <span class='ocrx_word' id='word_1_42' title='bbox 732 977 842 1040; x_wconf 87' lang='lat' dir='ltr'>lunt.&#39;’</span> <span class='ocrx_word' id='word_1_43' title='bbox 894 979 1016 1044; x_wconf 87' lang='lat' dir='ltr'>ll&#39;lalitia</span> <span class='ocrx_word' id='word_1_44' title='bbox 1044 1005 1122 1051; x_wconf 84' lang='lat' dir='ltr'>vero</span> <span class='ocrx_word' id='word_1_45' title='bbox 1147 982 1183 1055; x_wconf 84' lang='lat' dir='ltr'>in</span> 
     </span>
     <span class='ocr_line' id='line_1_7' title="bbox 71 1070 1269 1160; baseline 0.001 -22"><span class='ocrx_word' id='word_1_46' title='bbox 71 1070 181 1139; x_wconf 87' lang='lat' dir='ltr'>Deum</span> <span class='ocrx_word' id='word_1_47' title='bbox 199 1077 288 1137; x_wconf 86' lang='lat' dir='ltr'>nullu</span> <span class='ocrx_word' id='word_1_48' title='bbox 306 1074 404 1137; x_wconf 87' lang='lat' dir='ltr'>modu</span> <span class='ocrx_word' id='word_1_49' title='bbox 424 1074 517 1139; x_wconf 90' lang='lat' dir='ltr'>cadit.</span> <span class='ocrx_word' id='word_1_50' title='bbox 573 1076 755 1139; x_wconf 88' lang='lat' dir='ltr'>’‘lllalitiam</span> <span class='ocrx_word' id='word_1_51' title='bbox 777 1079 879 1153; x_wconf 86' lang='lat' dir='ltr'>(horn.</span> <span class='ocrx_word' id='word_1_52' title='bbox 900 1078 994 1160; x_wconf 81' lang='lat' dir='ltr'>XW,</span> <span class='ocrx_word' id='word_1_53' title='bbox 1014 1086 1088 1151; x_wconf 61' lang='grc' dir='ltr'>εἰη</span> <span class='ocrx_word' id='word_1_54' title='bbox 1107 1088 1189 1154; x_wconf 55' lang='lat' dir='ltr'>Nus</span> <span class='ocrx_word' id='word_1_55' title='bbox 1265 1132 1269 1139; x_wconf 85' lang='lat'>.</span> 
     </span>
     <span class='ocr_line' id='line_1_8' title="bbox 71 1174 1183 1258; baseline 0.013 -21"><span class='ocrx_word' id='word_1_56' title='bbox 71 1196 153 1239; x_wconf 87' lang='lat' dir='ltr'>mer.</span> <span class='ocrx_word' id='word_1_57' title='bbox 175 1176 240 1239; x_wconf 81' lang='lat' dir='ltr'>vot.</span> <span class='ocrx_word' id='word_1_58' title='bbox 255 1174 298 1254; x_wconf 88' lang='lat'>11,</span> <span class='ocrx_word' id='word_1_59' title='bbox 315 1180 391 1258; x_wconf 72' lang='lat'>822)</span> <span class='ocrx_word' id='word_1_60' title='bbox 415 1177 503 1240; x_wconf 76' lang='lat' dir='ltr'>Deua</span> <span class='ocrx_word' id='word_1_61' title='bbox 520 1196 586 1238; x_wconf 88' lang='lat' dir='ltr'>nun</span> <span class='ocrx_word' id='word_1_62' title='bbox 606 1178 698 1254; x_wconf 84' lang='lat' dir='ltr'>secit-</span> <span class='ocrx_word' id='word_1_63' title='bbox 724 1187 920 1243; x_wconf 85' lang='lat' dir='ltr'>tamencum</span> <span class='ocrx_word' id='word_1_64' title='bbox 935 1180 1183 1257; x_wconf 79' lang='lat' dir='ltr'>aluaruventam</span> 
     </span>
     <span class='ocr_line' id='line_1_9' title="bbox 71 1274 1183 1381; baseline 0.01 -42"><span class='ocrx_word' id='word_1_65' title='bbox 71 1276 167 1361; x_wconf 81' lang='lat' dir='ltr'>poffit</span> <span class='ocrx_word' id='word_1_66' title='bbox 177 1276 365 1381; x_wconf 75' lang='lat' dir='ltr'>prohibere</span> <span class='ocrx_word' id='word_1_67' title='bbox 386 1300 450 1339; x_wconf 90' lang='grc' dir='ltr'>ιιοιι</span> <span class='ocrx_word' id='word_1_68' title='bbox 464 1277 627 1363; x_wconf 85' lang='lat' dir='ltr'>prohibet,</span> <span class='ocrx_word' id='word_1_69' title='bbox 649 1274 704 1339; x_wconf 91' lang='lat' dir='ltr'>led</span> <span class='ocrx_word' id='word_1_70' title='bbox 717 1293 790 1337; x_wconf 86' lang='lat' dir='ltr'>ctuu</span> <span class='ocrx_word' id='word_1_71' title='bbox 803 1277 894 1362; x_wconf 83' lang='lat' dir='ltr'>rplia</span> <span class='ocrx_word' id='word_1_72' title='bbox 913 1283 1061 1366; x_wconf 77' lang='lat' dir='ltr'><strong>aquibus</strong></span> <span class='ocrx_word' id='word_1_73' title='bbox 1076 1287 1183 1363; x_wconf 75' lang='lat' dir='ltr'>lrabe-</span> 
     </span>
     <span class='ocr_line' id='line_1_10' title="bbox 72 1358 1184 1476; baseline 0.014 -40"><span class='ocrx_word' id='word_1_74' title='bbox 72 1386 141 1456; x_wconf 88' lang='lat' dir='ltr'>tur,</span> <span class='ocrx_word' id='word_1_75' title='bbox 168 1358 269 1438; x_wconf 70' lang='lat' dir='ltr'>ulitur</span> <span class='ocrx_word' id='word_1_76' title='bbox 284 1397 322 1439; x_wconf 91' lang='lat' dir='ltr'>ea</span> <span class='ocrx_word' id='word_1_77' title='bbox 340 1377 381 1442; x_wconf 90' lang='lat' dir='ltr'>ad</span> <span class='ocrx_word' id='word_1_78' title='bbox 394 1377 578 1441; x_wconf 82' lang='lat' dir='ltr'>necel&#39;lariaa</span> <span class='ocrx_word' id='word_1_79' title='bbox 597 1380 713 1441; x_wconf 77' lang='lat' dir='ltr'>caulas.</span> <span class='ocrx_word' id='word_1_80' title='bbox 760 1376 822 1440; x_wconf 85' lang='lat' dir='ltr'>l’er</span> <span class='ocrx_word' id='word_1_81' title='bbox 835 1379 917 1463; x_wconf 82' lang='lat' dir='ltr'>ipl&#39;oa</span> <span class='ocrx_word' id='word_1_82' title='bbox 932 1384 1036 1465; x_wconf 88' lang='lat' dir='ltr'>euim,</span> <span class='ocrx_word' id='word_1_83' title='bbox 1058 1389 1091 1451; x_wconf 92' lang='lat' dir='ltr'>ia</span> <span class='ocrx_word' id='word_1_84' title='bbox 1105 1392 1184 1476; x_wconf 88' lang='lat' dir='ltr'>qui-</span> 
     </span>
    </p>

    <p class='ocr_par' dir='ltr' id='par_1_5' title="bbox 21 1476 1248 2360">
     <span class='ocr_line' id='line_1_11' title="bbox 71 1476 1199 1566; baseline 0.014 -26"><span class='ocrx_word' id='word_1_85' title='bbox 71 1477 134 1541; x_wconf 79' lang='lat' dir='ltr'>bua</span> <span class='ocrx_word' id='word_1_86' title='bbox 148 1480 195 1540; x_wconf 88' lang='lat' dir='ltr'>elt</span> <span class='ocrx_word' id='word_1_87' title='bbox 207 1477 345 1555; x_wconf 88' lang='lat' dir='ltr'>malitia,</span> <span class='ocrx_word' id='word_1_88' title='bbox 368 1481 468 1543; x_wconf 82' lang='lat' dir='ltr'>claros</span> <span class='ocrx_word' id='word_1_89' title='bbox 481 1489 515 1542; x_wconf 87' lang='lat' dir='ltr'>et</span> <span class='ocrx_word' id='word_1_90' title='bbox 529 1479 677 1562; x_wconf 79' lang='lat' dir='ltr'>probatos</span> <span class='ocrx_word' id='word_1_91' title='bbox 691 1476 790 1539; x_wconf 83' lang='lat' dir='ltr'>efficat</span> <span class='ocrx_word' id='word_1_92' title='bbox 803 1499 858 1540; x_wconf 82' lang='lat' dir='ltr'>eoa</span> <span class='ocrx_word' id='word_1_93' title='bbox 867 1502 955 1566; x_wconf 88' lang='lat' dir='ltr'>,qut</span> <span class='ocrx_word' id='word_1_94' title='bbox 947 1482 1013 1548; x_wconf 92' lang='lat' dir='ltr'>ad</span> <span class='ocrx_word' id='word_1_95' title='bbox 1027 1487 1199 1557; x_wconf 79' lang='lat' dir='ltr'>virtutum·</span> 
     </span>
     <span class='ocr_line' id='line_1_12' title="bbox 72 1576 1185 1665; baseline 0.013 -25"><span class='ocrx_word' id='word_1_96' title='bbox 72 1576 208 1659; x_wconf 67' lang='lat' dir='ltr'>gloriam</span> <span class='ocrx_word' id='word_1_97' title='bbox 221 1577 374 1643; x_wconf 76' lang='lat' dir='ltr'>rendunt.-</span> <span class='ocrx_word' id='word_1_98' title='bbox 410 1579 493 1643; x_wconf 87' lang='lat' dir='ltr'>Nam</span> <span class='ocrx_word' id='word_1_99' title='bbox 506 1580 530 1640; x_wconf 90' lang='lat' dir='ltr'>li</span> <span class='ocrx_word' id='word_1_100' title='bbox 544 1579 755 1665; x_wconf 72' lang='lat' dir='ltr'>perimeretur</span> <span class='ocrx_word' id='word_1_101' title='bbox 766 1579 904 1659; x_wconf 84' lang='lat' dir='ltr'>malitia,</span> <span class='ocrx_word' id='word_1_102' title='bbox 933 1605 999 1648; x_wconf 91' lang='lat' dir='ltr'>nou</span> <span class='ocrx_word' id='word_1_103' title='bbox 1018 1590 1096 1652; x_wconf 89' lang='lat' dir='ltr'>ellet</span> <span class='ocrx_word' id='word_1_104' title='bbox 1113 1593 1185 1655; x_wconf 89' lang='lat' dir='ltr'>uti-</span> 
     </span>
     <span class='ocr_line' id='line_1_13' title="bbox 73 1680 1184 1767; baseline 0.01 -25"><span class='ocrx_word' id='word_1_105' title='bbox 73 1701 137 1766; x_wconf 85' lang='lat' dir='ltr'>que</span> <span class='ocrx_word' id='word_1_106' title='bbox 158 1680 213 1767; x_wconf 89' lang='lat' dir='ltr'>qui</span> <span class='ocrx_word' id='word_1_107' title='bbox 234 1680 405 1743; x_wconf 79' lang='lat' dir='ltr'>contrairet</span> <span class='ocrx_word' id='word_1_108' title='bbox 422 1681 603 1744; x_wconf 80' lang='lat' dir='ltr'>virtutibus.</span> <span class='ocrx_word' id='word_1_109' title='bbox 646 1680 758 1744; x_wconf 81' lang='lat' dir='ltr'>Virtus</span> <span class='ocrx_word' id='word_1_110' title='bbox 776 1691 886 1742; x_wconf 87' lang='lat' dir='ltr'>autem</span> <span class='ocrx_word' id='word_1_111' title='bbox 900 1702 965 1745; x_wconf 90' lang='lat' dir='ltr'>non</span> <span class='ocrx_word' id='word_1_112' title='bbox 979 1685 1103 1751; x_wconf 81' lang='lat' dir='ltr'>habena</span> <span class='ocrx_word' id='word_1_113' title='bbox 1116 1691 1184 1753; x_wconf 86' lang='lat' dir='ltr'>ali-</span> 
     </span>
     <span class='ocr_line' id='line_1_14' title="bbox 72 1777 1184 1867; baseline 0.002 -26"><span class='ocrx_word' id='word_1_114' title='bbox 72 1777 150 1867; x_wconf 84' lang='lat' dir='ltr'>quid</span> <span class='ocrx_word' id='word_1_115' title='bbox 172 1781 385 1858; x_wconf 86' lang='lat' dir='ltr'>contrarium,</span> <span class='ocrx_word' id='word_1_116' title='bbox 415 1801 479 1842; x_wconf 89' lang='lat' dir='ltr'>uun</span> <span class='ocrx_word' id='word_1_117' title='bbox 496 1782 691 1859; x_wconf 77' lang='lat' dir='ltr'>claresceret,</span> <span class='ocrx_word' id='word_1_118' title='bbox 720 1799 779 1841; x_wconf 91' lang='lat' dir='ltr'>nec</span> <span class='ocrx_word' id='word_1_119' title='bbox 797 1779 991 1864; x_wconf 81' lang='lat' dir='ltr'>splendidior</span> <span class='ocrx_word' id='word_1_120' title='bbox 1006 1797 1038 1846; x_wconf 91' lang='lat' dir='ltr'>et</span> <span class='ocrx_word' id='word_1_121' title='bbox 1053 1790 1184 1854; x_wconf 80' lang='lat' dir='ltr'>exami-</span> 
     </span>
     <span class='ocr_line' id='line_1_15' title="bbox 72 1878 1182 1966; baseline 0.008 -23"><span class='ocrx_word' id='word_1_122' title='bbox 72 1878 178 1943; x_wconf 74' lang='lat' dir='ltr'>nou&#39;or</span> <span class='ocrx_word' id='word_1_123' title='bbox 195 1880 296 1943; x_wconf 86' lang='lat' dir='ltr'>lieret.</span> <span class='ocrx_word' id='word_1_124' title='bbox 350 1881 422 1945; x_wconf 88' lang='lat' dir='ltr'>Non</span> <span class='ocrx_word' id='word_1_125' title='bbox 448 1883 579 1965; x_wconf 83' lang='lat' dir='ltr'>probata</span> <span class='ocrx_word' id='word_1_126' title='bbox 592 1894 677 1942; x_wconf 82' lang='lat' dir='ltr'>&#39;vero</span> <span class='ocrx_word' id='word_1_127' title='bbox 695 1898 754 1941; x_wconf 88' lang='lat' dir='ltr'>nec</span> <span class='ocrx_word' id='word_1_128' title='bbox 775 1881 956 1944; x_wconf 87' lang='lat' dir='ltr'>examinata</span> <span class='ocrx_word' id='word_1_129' title='bbox 976 1883 1095 1966; x_wconf 81' lang='lat' dir='ltr'>virtus,</span> <span class='ocrx_word' id='word_1_130' title='bbox 1123 1909 1182 1955; x_wconf 85' lang='lat' dir='ltr'>nee</span> 
     </span>
     <span class='ocr_line' id='line_1_16' title="bbox 72 1975 1187 2052; baseline 0.008 -9"><span class='ocrx_word' id='word_1_131' title='bbox 72 1980 175 2045; x_wconf 75' lang='lat' dir='ltr'>virtus</span> <span class='ocrx_word' id='word_1_132' title='bbox 187 1980 243 2045; x_wconf 77' lang='lat' dir='ltr'>etr.</span> <span class='ocrx_word' id='word_1_133' title='bbox 285 1975 352 2045; x_wconf 85' lang='lat' dir='ltr'>Sed</span> <span class='ocrx_word' id='word_1_134' title='bbox 366 1982 446 2045; x_wconf 89' lang='lat' dir='ltr'>haec</span> <span class='ocrx_word' id='word_1_135' title='bbox 464 1983 489 2043; x_wconf 88' lang='lat' dir='ltr'><strong>fi</strong></span> <span class='ocrx_word' id='word_1_136' title='bbox 504 1978 649 2042; x_wconf 86' lang='lat' dir='ltr'>dicantur</span> <span class='ocrx_word' id='word_1_137' title='bbox 659 1979 726 2041; x_wconf 85' lang='lat' dir='ltr'>fine</span> <span class='ocrx_word' id='word_1_138' title='bbox 746 1976 928 2043; x_wconf 75' lang='lat' dir='ltr'>diuinorum</span> <span class='ocrx_word' id='word_1_139' title='bbox 942 1985 1112 2049; x_wconf 83' lang='lat' dir='ltr'>verborum</span> <span class='ocrx_word' id='word_1_140' title='bbox 1128 1998 1187 2052; x_wconf 83' lang='lat' dir='ltr'>to·</span> 
     </span>
     <span class='ocr_line' id='line_1_17' title="bbox 72 2079 1248 2173; baseline 0.004 -29"><span class='ocrx_word' id='word_1_141' title='bbox 72 2080 245 2160; x_wconf 75' lang='grc' dir='ltr'>Ῑιίιιιοιιὶίι,</span> <span class='ocrx_word' id='word_1_142' title='bbox 279 2082 435 2169; x_wconf 85' lang='lat' dir='ltr'>exquillta</span> <span class='ocrx_word' id='word_1_143' title='bbox 452 2079 555 2161; x_wconf 78' lang='lat' dir='ltr'>mugio</span> <span class='ocrx_word' id='word_1_144' title='bbox 572 2079 764 2141; x_wconf 87' lang='lat' dir='ltr'>et&#39;humana</span> <span class='ocrx_word' id='word_1_145' title='bbox 786 2092 853 2143; x_wconf 88' lang='lat' dir='ltr'>arte</span> <span class='ocrx_word' id='word_1_146' title='bbox 869 2082 1059 2167; x_wconf 77' lang='lat' dir='ltr'>compotita,</span> <span class='ocrx_word' id='word_1_147' title='bbox 1086 2106 1185 2173; x_wconf 86' lang='lat' dir='ltr'>quam</span> <span class='ocrx_word' id='word_1_148' title='bbox 1243 2118 1248 2125; x_wconf 95' lang='lat'>·</span> 
     </span>
     <span class='ocr_line' id='line_1_18' title="bbox 21 2177 1223 2279; baseline 0 -36"><span class='ocrx_word' id='word_1_149' title='bbox 21 2234 29 2243; x_wconf 95' lang='lat'><em>.</em></span> <span class='ocrx_word' id='word_1_150' title='bbox 72 2192 264 2267; x_wconf 73' lang='lat' dir='ltr'>vernatque</span> <span class='ocrx_word' id='word_1_151' title='bbox 283 2180 460 2247; x_wconf 89' lang='lat' dir='ltr'>indubitata</span> <span class='ocrx_word' id='word_1_152' title='bbox 478 2177 683 2271; x_wconf 59' lang='lat' dir='ltr'>videlattntur.</span> <span class='ocrx_word' id='word_1_153' title='bbox 731 2177 945 2265; x_wconf 83' lang='lat' dir='ltr'>Requiramua</span> <span class='ocrx_word' id='word_1_154' title='bbox 963 2203 1055 2265; x_wconf 82' lang='lat' dir='ltr'>ergo,</span> <span class='ocrx_word' id='word_1_155' title='bbox 1078 2185 1223 2279; x_wconf 33' lang='lat' dir='ltr'>liturg..¹</span> 
     </span>
     <span class='ocr_line' id='line_1_19' title="bbox 73 2276 1186 2360; baseline 0.002 -17"><span class='ocrx_word' id='word_1_156' title='bbox 73 2278 215 2360; x_wconf 74' lang='lat' dir='ltr'>jusmodi</span> <span class='ocrx_word' id='word_1_157' title='bbox 233 2283 358 2346; x_wconf 87' lang='lat' dir='ltr'>lenlum</span> <span class='ocrx_word' id='word_1_158' title='bbox 377 2285 476 2347; x_wconf 87' lang='lat' dir='ltr'>etiarn</span> <span class='ocrx_word' id='word_1_159' title='bbox 496 2278 664 2344; x_wconf 81' lang='lat' dir='ltr'>volumina</span> <span class='ocrx_word' id='word_1_160' title='bbox 683 2276 794 2342; x_wconf 86' lang='lat' dir='ltr'>divina</span> <span class='ocrx_word' id='word_1_161' title='bbox 815 2284 1007 2346; x_wconf 76' lang='lat' dir='ltr'>contineant.</span> <span class='ocrx_word' id='word_1_162' title='bbox 1055 2285 1186 2351; x_wconf 87' lang='lat' dir='ltr'>Venia..</span> 
     </span>
    </p>

    <p class='ocr_par' dir='ltr' id='par_1_6' title="bbox 75 2374 1185 2467">
     <span class='ocr_line' id='line_1_20' title="bbox 75 2374 1185 2467; baseline 0.003 -20"><span class='ocrx_word' id='word_1_163' title='bbox 75 2402 148 2448; x_wconf 85' lang='grc' dir='ltr'>ιιιιιι</span> <span class='ocrx_word' id='word_1_164' title='bbox 172 2378 215 2445; x_wconf 87' lang='lat' dir='ltr'>ad</span> <span class='ocrx_word' id='word_1_165' title='bbox 231 2378 377 2467; x_wconf 84' lang='lat' dir='ltr'>Joleph„</span> <span class='ocrx_word' id='word_1_166' title='bbox 396 2395 455 2447; x_wconf 89' lang='lat' dir='ltr'>cet.</span> <span class='ocrx_word' id='word_1_167' title='bbox 510 2383 556 2446; x_wconf 84' lang='lat' dir='ltr'>Cl.</span> <span class='ocrx_word' id='word_1_168' title='bbox 581 2378 669 2460; x_wconf 83' lang='lat' dir='ltr'>Orig.</span> <span class='ocrx_word' id='word_1_169' title='bbox 691 2374 988 2464; x_wconf 76' lang='lat' dir='ltr'>Daemouologiam.</span> <span class='ocrx_word' id='word_1_170' title='bbox 1036 2385 1185 2451; x_wconf 83' lang='lat' dir='ltr'>Verum-</span> 
     </span>
    </p>

    <p class='ocr_par' dir='ltr' id='par_1_7' title="bbox 74 2478 1184 2569">
     <span class='ocr_line' id='line_1_21' title="bbox 74 2478 1184 2569; baseline 0.002 -22"><span class='ocrx_word' id='word_1_171' title='bbox 74 2494 184 2547; x_wconf 81' lang='lat' dir='ltr'>tumen</span> <span class='ocrx_word' id='word_1_172' title='bbox 214 2503 282 2563; x_wconf 80' lang='lat' dir='ltr'>„ne</span> <span class='ocrx_word' id='word_1_173' title='bbox 306 2483 381 2545; x_wconf 90' lang='lat' dir='ltr'>hinc</span> <span class='ocrx_word' id='word_1_174' title='bbox 410 2484 482 2569; x_wconf 80' lang='lat' dir='ltr'>quis</span> <span class='ocrx_word' id='word_1_175' title='bbox 506 2482 701 2545; x_wconf 86' lang='lat' dir='ltr'>occaliunem</span> <span class='ocrx_word' id='word_1_176' title='bbox 727 2478 858 2567; x_wconf 86' lang='lat' dir='ltr'>arripiat</span> <span class='ocrx_word' id='word_1_177' title='bbox 885 2487 935 2562; x_wconf 86' lang='lat' dir='ltr'>(c.</span> <span class='ocrx_word' id='word_1_178' title='bbox 955 2485 1035 2549; x_wconf 80' lang='lat' dir='ltr'>Geli.</span> <span class='ocrx_word' id='word_1_179' title='bbox 1055 2484 1115 2567; x_wconf 87' lang='lat' dir='ltr'>lV,</span> <span class='ocrx_word' id='word_1_180' title='bbox 1141 2501 1184 2557; x_wconf 74' lang='grc' dir='ltr'>ιο</span> 
     </span>
    </p>

    <p class='ocr_par' dir='ltr' id='par_1_8' title="bbox 74 2581 1186 2671">
     <span class='ocr_line' id='line_1_22' title="bbox 74 2581 1186 2671; baseline 0.002 -19"><span class='ocrx_word' id='word_1_181' title='bbox 74 2606 106 2671; x_wconf 81' lang='lat' dir='ltr'>p.</span> <span class='ocrx_word' id='word_1_182' title='bbox 121 2589 200 2667; x_wconf 75' lang='lat'>⁵56)</span> <span class='ocrx_word' id='word_1_183' title='bbox 224 2581 414 2649; x_wconf 69' lang='lat' dir='ltr'>adfirmandi</span> <span class='ocrx_word' id='word_1_184' title='bbox 438 2586 469 2645; x_wconf 88' lang='lat' dir='ltr'>le</span> <span class='ocrx_word' id='word_1_185' title='bbox 488 2584 523 2644; x_wconf 91' lang='lat' dir='ltr'>in</span> <span class='ocrx_word' id='word_1_186' title='bbox 541 2583 644 2660; x_wconf 90' lang='lat' dir='ltr'>malo,</span> <span class='ocrx_word' id='word_1_187' title='bbox 678 2581 766 2666; x_wconf 87' lang='lat' dir='ltr'>quali</span> <span class='ocrx_word' id='word_1_188' title='bbox 781 2582 904 2645; x_wconf 89' lang='lat' dir='ltr'>malitia</span> <span class='ocrx_word' id='word_1_189' title='bbox 922 2595 978 2647; x_wconf 85' lang='lat' dir='ltr'>aut</span> <span class='ocrx_word' id='word_1_190' title='bbox 1000 2587 1087 2650; x_wconf 77' lang='lat' dir='ltr'>utilio</span> <span class='ocrx_word' id='word_1_191' title='bbox 1108 2590 1186 2655; x_wconf 81' lang='lat' dir='ltr'>ester</span> 
     </span>
    </p>

    <p class='ocr_par' dir='ltr' id='par_1_9' title="bbox 53 2679 1184 2772">
     <span class='ocr_line' id='line_1_23' title="bbox 53 2679 1184 2772; baseline 0.003 -23"><span class='ocrx_word' id='word_1_192' title='bbox 53 2698 57 2707; x_wconf 93' lang='lat'>&#39;</span> <span class='ocrx_word' id='word_1_193' title='bbox 74 2698 130 2749; x_wconf 78' lang='lat' dir='ltr'>aut</span> <span class='ocrx_word' id='word_1_194' title='bbox 145 2685 233 2749; x_wconf 84' lang='lat' dir='ltr'>utilia</span> <span class='ocrx_word' id='word_1_195' title='bbox 246 2687 309 2749; x_wconf 85' lang='lat' dir='ltr'>elle</span> <span class='ocrx_word' id='word_1_196' title='bbox 326 2685 427 2769; x_wconf 84' lang='lat' dir='ltr'>pollet</span> <span class='ocrx_word' id='word_1_197' title='bbox 443 2679 654 2762; x_wconf 80' lang='lat' dir='ltr'>univerlitati3</span> <span class='ocrx_word' id='word_1_198' title='bbox 676 2679 848 2745; x_wconf 87' lang='lat' dir='ltr'>dicendum</span> <span class='ocrx_word' id='word_1_199' title='bbox 865 2686 926 2762; x_wconf 88' lang='lat' dir='ltr'>elt,</span> <span class='ocrx_word' id='word_1_200' title='bbox 946 2685 1068 2749; x_wconf 87' lang='lat' dir='ltr'>etiamli</span> <span class='ocrx_word' id='word_1_201' title='bbox 1083 2686 1184 2772; x_wconf 79' lang='lat' dir='ltr'>Deua,</span> 
     </span>
    </p>

    <p class='ocr_par' dir='ltr' id='par_1_10' title="bbox 75 2781 1186 2869">
     <span class='ocr_line' id='line_1_24' title="bbox 75 2781 1186 2869; baseline 0.006 -22"><span class='ocrx_word' id='word_1_202' title='bbox 75 2781 184 2850; x_wconf 83' lang='lat' dir='ltr'>illael&#39;o</span> <span class='ocrx_word' id='word_1_203' title='bbox 202 2785 326 2847; x_wconf 87' lang='lat' dir='ltr'>noltrae</span> <span class='ocrx_word' id='word_1_204' title='bbox 342 2783 497 2845; x_wconf 74' lang='lat' dir='ltr'>libertatis</span> <span class='ocrx_word' id='word_1_205' title='bbox 515 2782 663 2861; x_wconf 86' lang='lat' dir='ltr'>arbitrio,</span> <span class='ocrx_word' id='word_1_206' title='bbox 694 2794 802 2846; x_wconf 90' lang='lat' dir='ltr'>utatur</span> <span class='ocrx_word' id='word_1_207' title='bbox 822 2782 1044 2869; x_wconf 86' lang='lat' dir='ltr'>improborum</span> <span class='ocrx_word' id='word_1_208' title='bbox 1062 2791 1186 2855; x_wconf 80' lang='lat' dir='ltr'>malitia</span> 
     </span>
    </p>

    <p class='ocr_par' dir='ltr' id='par_1_11' title="bbox 9 2877 1245 3877">
     <span class='ocr_line' id='line_1_25' title="bbox 9 2877 1245 2973; baseline 0.007 -26"><span class='ocrx_word' id='word_1_209' title='bbox 9 2918 13 2957; x_wconf 83' lang='lat'><em>÷</em></span> <span class='ocrx_word' id='word_1_210' title='bbox 75 2882 119 2949; x_wconf 80' lang='lat' dir='ltr'>ad</span> <span class='ocrx_word' id='word_1_211' title='bbox 141 2880 290 2947; x_wconf 86' lang='lat' dir='ltr'>ordinem</span> <span class='ocrx_word' id='word_1_212' title='bbox 314 2882 526 2946; x_wconf 78' lang='lat' dir='ltr'>uuiverlitatio</span> <span class='ocrx_word' id='word_1_213' title='bbox 548 2898 667 2968; x_wconf 79' lang='lat' dir='ltr'>eosque</span> <span class='ocrx_word' id='word_1_214' title='bbox 685 2877 774 2947; x_wconf 83' lang='lat' dir='ltr'>illius</span> <span class='ocrx_word' id='word_1_215' title='bbox 800 2884 929 2949; x_wconf 84' lang='lat' dir='ltr'>utilitati</span> <span class='ocrx_word' id='word_1_216' title='bbox 954 2888 1208 2973; x_wconf 80' lang='lat' dir='ltr'>accommodet,l</span> <span class='ocrx_word' id='word_1_217' title='bbox 1238 2946 1245 2955; x_wconf 96' lang='lat'>.</span> 
     </span>
     <span class='ocr_line' id='line_1_26' title="bbox 75 2983 1187 3069; baseline 0.005 -18"><span class='ocrx_word' id='word_1_218' title='bbox 75 3007 148 3051; x_wconf 78' lang='lat' dir='ltr'>reoo</span> <span class='ocrx_word' id='word_1_219' title='bbox 166 2983 377 3049; x_wconf 74' lang='lat' dir='ltr'>nihilominus</span> <span class='ocrx_word' id='word_1_220' title='bbox 396 2987 460 3047; x_wconf 88' lang='lat' dir='ltr'>elle</span> <span class='ocrx_word' id='word_1_221' title='bbox 481 2983 537 3069; x_wconf 92' lang='lat' dir='ltr'>qui</span> <span class='ocrx_word' id='word_1_222' title='bbox 554 2986 677 3046; x_wconf 89' lang='lat' dir='ltr'>malum</span> <span class='ocrx_word' id='word_1_223' title='bbox 697 2996 890 3069; x_wconf 82' lang='lat' dir='ltr'>perpetrant.</span> <span class='ocrx_word' id='word_1_224' title='bbox 947 2984 1115 3067; x_wconf 77' lang='lat' dir='ltr'>Quatenus</span> <span class='ocrx_word' id='word_1_225' title='bbox 1136 2990 1187 3057; x_wconf 77' lang='lat' dir='ltr'>rai</span> 
     </span>
     <span class='ocr_line' id='line_1_27' title="bbox 74 3081 1186 3171; baseline 0.005 -20"><span class='ocrx_word' id='word_1_226' title='bbox 74 3088 165 3167; x_wconf 83' lang='lat' dir='ltr'>lunt,</span> <span class='ocrx_word' id='word_1_227' title='bbox 186 3081 375 3149; x_wconf 88' lang='lat' dir='ltr'>ordinantur</span> <span class='ocrx_word' id='word_1_228' title='bbox 388 3084 518 3171; x_wconf 89' lang='lat' dir='ltr'>quidem</span> <span class='ocrx_word' id='word_1_229' title='bbox 532 3083 572 3147; x_wconf 89' lang='lat' dir='ltr'>ad</span> <span class='ocrx_word' id='word_1_230' title='bbox 586 3084 796 3147; x_wconf 82' lang='lat' dir='ltr'>uuiverlitatia</span> <span class='ocrx_word' id='word_1_231' title='bbox 806 3086 993 3165; x_wconf 88' lang='lat' dir='ltr'>utilitatem,</span> <span class='ocrx_word' id='word_1_232' title='bbox 1019 3087 1074 3152; x_wconf 89' lang='lat' dir='ltr'>led</span> <span class='ocrx_word' id='word_1_233' title='bbox 1089 3111 1186 3157; x_wconf 88' lang='lat' dir='ltr'>nemo</span> 
     </span>
     <span class='ocr_line' id='line_1_28' title="bbox 75 3182 1211 3273; baseline 0.004 -22"><span class='ocrx_word' id='word_1_234' title='bbox 75 3188 123 3251; x_wconf 66' lang='lat' dir='ltr'>eli</span> <span class='ocrx_word' id='word_1_235' title='bbox 142 3207 201 3273; x_wconf 84' lang='lat' dir='ltr'>qut</span> <span class='ocrx_word' id='word_1_236' title='bbox 190 3183 387 3247; x_wconf 84' lang='lat' dir='ltr'>utilitatem</span> <span class='ocrx_word' id='word_1_237' title='bbox 406 3184 496 3247; x_wconf 88' lang='lat' dir='ltr'>illam</span> <span class='ocrx_word' id='word_1_238' title='bbox 518 3184 665 3248; x_wconf 79' lang='lat' dir='ltr'>detestari</span> <span class='ocrx_word' id='word_1_239' title='bbox 683 3205 747 3246; x_wconf 91' lang='lat' dir='ltr'>non</span> <span class='ocrx_word' id='word_1_240' title='bbox 770 3183 894 3251; x_wconf 87' lang='lat' dir='ltr'>debeat</span> <span class='ocrx_word' id='word_1_241' title='bbox 943 3188 1019 3251; x_wconf 81' lang='lat' dir='ltr'>Nou</span> <span class='ocrx_word' id='word_1_242' title='bbox 1036 3190 1131 3253; x_wconf 86' lang='lat' dir='ltr'>aliter</span> <span class='ocrx_word' id='word_1_243' title='bbox 1150 3182 1211 3256; x_wconf 82' lang='lat' dir='ltr'>ao&#39;</span> 
     </span>
     <span class='ocr_line' id='line_1_29' title="bbox 75 3283 1189 3375; baseline 0.004 -26"><span class='ocrx_word' id='word_1_244' title='bbox 75 3282 195 3375; x_wconf 77' lang='lat' dir='ltr'>liquis</span> <span class='ocrx_word' id='word_1_245' title='bbox 216 3284 428 3370; x_wconf 83' lang='lat' dir='ltr'>quorumdam</span> <span class='ocrx_word' id='word_1_246' title='bbox 448 3287 619 3350; x_wconf 86' lang='lat' dir='ltr'>criminum</span> <span class='ocrx_word' id='word_1_247' title='bbox 636 3305 712 3349; x_wconf 81' lang='lat' dir='ltr'>reus</span> <span class='ocrx_word' id='word_1_248' title='bbox 733 3296 862 3371; x_wconf 84' lang='lat' dir='ltr'>propter</span> <span class='ocrx_word' id='word_1_249' title='bbox 881 3286 961 3349; x_wconf 87' lang='lat' dir='ltr'>haec</span> <span class='ocrx_word' id='word_1_250' title='bbox 983 3283 1189 3355; x_wconf 79' lang='lat' dir='ltr'>damnaretur</span> 
     </span>
     <span class='ocr_line' id='line_1_30' title="bbox 76 3378 1189 3473; baseline 0.004 -24"><span class='ocrx_word' id='word_1_251' title='bbox 76 3378 112 3449; x_wconf 80' lang='lat' dir='ltr'>in</span> <span class='ocrx_word' id='word_1_252' title='bbox 131 3386 213 3451; x_wconf 78' lang='lat' dir='ltr'>urbe</span> <span class='ocrx_word' id='word_1_253' title='bbox 233 3383 275 3449; x_wconf 80' lang='lat' dir='ltr'>ad</span> <span class='ocrx_word' id='word_1_254' title='bbox 291 3406 389 3472; x_wconf 85' lang='lat' dir='ltr'>opera</span> <span class='ocrx_word' id='word_1_255' title='bbox 400 3388 536 3473; x_wconf 88' lang='lat' dir='ltr'>&#39;publica</span> <span class='ocrx_word' id='word_1_256' title='bbox 554 3384 711 3472; x_wconf 86' lang='lat' dir='ltr'>quaedam</span> <span class='ocrx_word' id='word_1_257' title='bbox 729 3386 877 3449; x_wconf 74' lang='lat' dir='ltr'>omuibus</span> <span class='ocrx_word' id='word_1_258' title='bbox 892 3386 1031 3465; x_wconf 87' lang='lat' dir='ltr'>utilia,&#39;</span> <span class='ocrx_word' id='word_1_259' title='bbox 1020 3409 1049 3451; x_wconf 82' lang='lat' dir='ltr'>aa</span> <span class='ocrx_word' id='word_1_260' title='bbox 1061 3387 1189 3453; x_wconf 77' lang='lat' dir='ltr'>dicere·</span> 
     </span>
     <span class='ocr_line' id='line_1_31' title="bbox 77 3481 1195 3575; baseline 0.002 -26"><span class='ocrx_word' id='word_1_261' title='bbox 77 3496 130 3551; x_wconf 83' lang='lat' dir='ltr'>tur</span> <span class='ocrx_word' id='word_1_262' title='bbox 146 3482 228 3575; x_wconf 82' lang='lat' dir='ltr'>quid</span> <span class='ocrx_word' id='word_1_263' title='bbox 245 3485 351 3551; x_wconf 79' lang='lat' dir='ltr'>iacere</span> <span class='ocrx_word' id='word_1_264' title='bbox 370 3484 456 3574; x_wconf 87' lang='lat' dir='ltr'>quod</span> <span class='ocrx_word' id='word_1_265' title='bbox 479 3486 538 3550; x_wconf 91' lang='lat' dir='ltr'>toti</span> <span class='ocrx_word' id='word_1_266' title='bbox 559 3486 630 3548; x_wconf 91' lang='lat' dir='ltr'>urbi</span> <span class='ocrx_word' id='word_1_267' title='bbox 645 3481 815 3547; x_wconf 86' lang='lat' dir='ltr'>utilitatem</span> <span class='ocrx_word' id='word_1_268' title='bbox 829 3484 984 3566; x_wconf 61' lang='lat' dir='ltr'>afferret,</span> <span class='ocrx_word' id='word_1_269' title='bbox 1000 3486 1066 3573; x_wconf 84' lang='lat' dir='ltr'>iple</span> <span class='ocrx_word' id='word_1_270' title='bbox 1078 3498 1195 3569; x_wconf 84' lang='lat' dir='ltr'>tamea¹</span> 
     </span>
     <span class='ocr_line' id='line_1_32' title="bbox 76 3582 1190 3671; baseline -0.001 -20.054"><span class='ocrx_word' id='word_1_271' title='bbox 76 3583 244 3651; x_wconf 71' lang='lat' dir='ltr'>rideretur</span> <span class='ocrx_word' id='word_1_272' title='bbox 261 3582 354 3668; x_wconf 73' lang='lat' dir='ltr'>iungi</span> <span class='ocrx_word' id='word_1_273' title='bbox 373 3584 588 3650; x_wconf 88' lang='lat' dir='ltr'>abominando</span> <span class='ocrx_word' id='word_1_274' title='bbox 605 3605 757 3664; x_wconf 88' lang='lat' dir='ltr'>munere,</span> <span class='ocrx_word' id='word_1_275' title='bbox 786 3584 822 3647; x_wconf 91' lang='lat' dir='ltr'>iu</span> <span class='ocrx_word' id='word_1_276' title='bbox 842 3606 906 3671; x_wconf 88' lang='lat' dir='ltr'>quo</span> <span class='ocrx_word' id='word_1_277' title='bbox 926 3605 1023 3649; x_wconf 85' lang='lat' dir='ltr'>uerno</span> <span class='ocrx_word' id='word_1_278' title='bbox 1042 3588 1097 3650; x_wconf 81' lang='lat' dir='ltr'>vel</span> <span class='ocrx_word' id='word_1_279' title='bbox 1112 3606 1190 3651; x_wconf 85' lang='lat' dir='ltr'>me-</span> 
     </span>
     <span class='ocr_line' id='line_1_33' title="bbox 79 3684 1189 3776; baseline -0.002 -24"><span class='ocrx_word' id='word_1_280' title='bbox 79 3684 229 3755; x_wconf 76' lang='lat' dir='ltr'>diocritor</span> <span class='ocrx_word' id='word_1_281' title='bbox 246 3687 371 3776; x_wconf 80' lang='lat' dir='ltr'>lopiano</span> <span class='ocrx_word' id='word_1_282' title='bbox 392 3684 510 3749; x_wconf 76' lang='lat' dir='ltr'>versari</span> <span class='ocrx_word' id='word_1_283' title='bbox 529 3688 639 3750; x_wconf 87' lang='lat' dir='ltr'>vellet</span> <span class='ocrx_word' id='word_1_284' title='bbox 686 3685 769 3747; x_wconf 87' lang='lat' dir='ltr'>Hinc</span> <span class='ocrx_word' id='word_1_285' title='bbox 788 3687 851 3766; x_wconf 89' lang='lat' dir='ltr'>elt,</span> <span class='ocrx_word' id='word_1_286' title='bbox 880 3685 965 3773; x_wconf 87' lang='lat' dir='ltr'>quod</span> <span class='ocrx_word' id='word_1_287' title='bbox 979 3686 1099 3750; x_wconf 81' lang='lat' dir='ltr'>Paulus</span> <span class='ocrx_word' id='word_1_288' title='bbox 1114 3686 1189 3751; x_wconf 80' lang='lat' dir='ltr'>teta</span> 
     </span>
     <span class='ocr_line' id='line_1_34' title="bbox 76 3782 1191 3877; baseline -0.004 -22"><span class='ocrx_word' id='word_1_289' title='bbox 76 3788 240 3877; x_wconf 63' lang='lat' dir='ltr'>apostolae</span> <span class='ocrx_word' id='word_1_290' title='bbox 255 3807 316 3853; x_wconf 84' lang='grc' dir='ltr'>ιιοι</span> <span class='ocrx_word' id='word_1_291' title='bbox 332 3782 444 3852; x_wconf 86' lang='lat' dir='ltr'>doceat</span> <span class='ocrx_word' id='word_1_292' title='bbox 459 3789 553 3851; x_wconf 79' lang='lat' dir='ltr'>utiles</span> <span class='ocrx_word' id='word_1_293' title='bbox 564 3789 690 3850; x_wconf 76' lang='lat' dir='ltr'>futuros</span> <span class='ocrx_word' id='word_1_294' title='bbox 703 3787 765 3848; x_wconf 89' lang='lat' dir='ltr'>elle</span> <span class='ocrx_word' id='word_1_295' title='bbox 780 3782 976 3849; x_wconf 82' lang='lat' dir='ltr'>univerlltati</span> <span class='ocrx_word' id='word_1_296' title='bbox 989 3788 1041 3849; x_wconf 84' lang='lat' dir='ltr'>vel</span> <span class='ocrx_word' id='word_1_297' title='bbox 1057 3788 1191 3874; x_wconf 80' lang='lat' dir='ltr'>nequii</span> 
     </span>
    </p>

    <p class='ocr_par' dir='ltr' id='par_1_12' title="bbox 8 3878 1278 4279">
     <span class='ocr_line' id='line_1_35' title="bbox 8 3878 1191 3977; baseline -0.003 -24"><span class='ocrx_word' id='word_1_298' title='bbox 8 3934 20 3953; x_wconf 87' lang='lat'><em>.</em></span> <span class='ocrx_word' id='word_1_299' title='bbox 76 3890 198 3973; x_wconf 71' lang='lat' dir='ltr'>hoo,</span> <span class='ocrx_word' id='word_1_300' title='bbox 230 3889 379 3977; x_wconf 78' lang='lat' dir='ltr'>quamvis</span> <span class='ocrx_word' id='word_1_301' title='bbox 404 3892 530 3977; x_wconf 86' lang='lat' dir='ltr'>ipfimet</span> <span class='ocrx_word' id='word_1_302' title='bbox 555 3878 617 3951; x_wconf 84' lang='lat' dir='ltr'>lint</span> <span class='ocrx_word' id='word_1_303' title='bbox 646 3885 730 3949; x_wconf 84' lang='lat' dir='ltr'>inter</span> <span class='ocrx_word' id='word_1_304' title='bbox 752 3886 983 3952; x_wconf 79' lang='lat' dir='ltr'>abominandos</span> <span class='ocrx_word' id='word_1_305' title='bbox 1006 3885 1191 3969; x_wconf 67' lang='lat' dir='ltr'>relegandig</span> 
     </span>
     <span class='ocr_line' id='line_1_36' title="bbox 75 3984 1191 4076; baseline -0.004 -19"><span class='ocrx_word' id='word_1_306' title='bbox 75 3988 136 4057; x_wconf 73' lang='lat' dir='ltr'>tut</span> <span class='ocrx_word' id='word_1_307' title='bbox 151 4010 226 4070; x_wconf 78' lang='lat' dir='ltr'>eoo,</span> <span class='ocrx_word' id='word_1_308' title='bbox 254 3991 309 4076; x_wconf 86' lang='lat' dir='ltr'>qui</span> <span class='ocrx_word' id='word_1_309' title='bbox 321 3989 588 4067; x_wconf 85' lang='lat' dir='ltr'>virtutiltudent‚</span> <span class='ocrx_word' id='word_1_310' title='bbox 608 3987 767 4051; x_wconf 78' lang='lat' dir='ltr'>maximas</span> <span class='ocrx_word' id='word_1_311' title='bbox 780 3988 979 4073; x_wconf 73' lang='lat' dir='ltr'>praebituros</span> <span class='ocrx_word' id='word_1_312' title='bbox 995 3984 1191 4053; x_wconf 78' lang='lat' dir='ltr'>univerlitati</span> 
     </span>
     <span class='ocr_line' id='line_1_37' title="bbox 75 4085 1278 4175; baseline -0.002 -18"><span class='ocrx_word' id='word_1_313' title='bbox 75 4092 253 4171; x_wconf 70' lang='lat' dir='ltr'>utilitates,</span> <span class='ocrx_word' id='word_1_314' title='bbox 280 4102 313 4153; x_wconf 86' lang='lat' dir='ltr'>et</span> <span class='ocrx_word' id='word_1_315' title='bbox 335 4092 447 4155; x_wconf 85' lang='lat' dir='ltr'>iccirco</span> <span class='ocrx_word' id='word_1_316' title='bbox 467 4090 501 4154; x_wconf 91' lang='lat' dir='ltr'>iu</span> <span class='ocrx_word' id='word_1_317' title='bbox 520 4088 764 4175; x_wconf 77' lang='lat' dir='ltr'>praeclarissimo</span> <span class='ocrx_word' id='word_1_318' title='bbox 789 4088 859 4152; x_wconf 91' lang='lat' dir='ltr'>loco</span> <span class='ocrx_word' id='word_1_319' title='bbox 879 4090 942 4149; x_wconf 85' lang='lat' dir='ltr'>elle</span> <span class='ocrx_word' id='word_1_320' title='bbox 963 4085 1191 4155; x_wconf 76' lang='lat' dir='ltr'>collocandoa”</span> <span class='ocrx_word' id='word_1_321' title='bbox 1274 4102 1278 4109; x_wconf 91' lang='lat'>&#39;</span> 
     </span>
     <span class='ocr_line' id='line_1_38' title="bbox 75 4185 1192 4279; baseline -0.001 -24"><span class='ocrx_word' id='word_1_322' title='bbox 75 4198 114 4279; x_wconf 72' lang='grc' dir='ltr'>(ι</span> <span class='ocrx_word' id='word_1_323' title='bbox 128 4192 217 4263; x_wconf 81' lang='lat' dir='ltr'>Tim.</span> <span class='ocrx_word' id='word_1_324' title='bbox 231 4190 275 4273; x_wconf 93' lang='lat'>11,</span> <span class='ocrx_word' id='word_1_325' title='bbox 292 4194 359 4273; x_wconf 71' lang='grc' dir='ltr'>ιο).</span> <span class='ocrx_word' id='word_1_326' title='bbox 381 4224 425 4242; x_wconf 89' lang='lat'><em>-</em></span> <span class='ocrx_word' id='word_1_327' title='bbox 470 4185 556 4255; x_wconf 87' lang='lat' dir='ltr'>lllala</span> <span class='ocrx_word' id='word_1_328' title='bbox 574 4188 760 4270; x_wconf 76' lang='lat' dir='ltr'>lrajuuuodi</span> <span class='ocrx_word' id='word_1_329' title='bbox 773 4186 878 4253; x_wconf 82' lang='lat' dir='ltr'>ethica</span> <span class='ocrx_word' id='word_1_330' title='bbox 893 4186 1017 4251; x_wconf 83' lang='lat' dir='ltr'>anianae</span> <span class='ocrx_word' id='word_1_331' title='bbox 1032 4191 1097 4268; x_wconf 80' lang='lat' dir='ltr'>jam</span> <span class='ocrx_word' id='word_1_332' title='bbox 1112 4210 1192 4278; x_wconf 75' lang='lat' dir='ltr'>per-</span> 
     </span>
    </p>

    <p class='ocr_par' dir='ltr' id='par_1_13' title="bbox 741 4292 812 4357">
     <span class='ocr_line' id='line_1_39' title="bbox 741 4292 812 4357; baseline 0.028 -2"><span class='ocrx_word' id='word_1_333' title='bbox 741 4292 812 4357; x_wconf 66' lang='grc' dir='ltr'>Νι</span> 
     </span>
    </p>
   </div>
   <div class='ocr_carea' id='block_1_5' title="bbox 0 0 1301 4770">
    <p class='ocr_par' dir='ltr' id='par_1_14' title="bbox 0 0 1301 4770">
     <span class='ocr_line' id='line_1_40' title="bbox 0 0 1301 4770; baseline 0 0"><span class='ocrx_word' id='word_1_334' title='bbox 0 0 1301 4770; x_wconf 95' lang='lat' dir='ltr'> </span> 
     </span>
    </p>
   </div>
  </div>
 </body>
</html>
