2572 4770
370 290 545 387 Origenes
564 282 831 386 (numaga),
1084 298 1108 367 't
1114 294 1167 368 7-1

55 470 159 555 datm
185 480 219 535 et
231 468 274 535 de
285 471 385 558 princ.
398 471 459 552 tv,
479 483 528 539 16.
550 471 616 536 rol.
629 468 657 551 Ι,
673 476 749 539 mc
781 462 833 535 ot
843 461 947 551 peirac
957 467 997 537 ds
1006 471 1088 559 trapi
1096 469 1171 537 teir·

55 568 130 661 πρὸ
146 572 210 658 τῆς
227 567 417 658 παρουσίας
433 571 539 636 ταῦτα
557 567 597 635 τὸ
614 569 746 652 πνεῦμα
763 562 989 654 ᾠκονόμησιν,
1016 567 1093 638 ἀλλ’
1105 568 1167 641 ire
1203 630 1210 656 ,

55 670 99 741 τὸ
120 666 203 739 αὐτὸ
222 665 380 757 τυγχάνον
399 672 461 741 acl
475 666 545 737 ἀπὸ
565 668 627 736 τοῦ
646 662 721 746 ἑνὸς
735 668 821 734 θεοῦ
834 667 874 733 τὸ
894 663 1013 752 ὅμοιον
1033 672 1091 738 καὶ
1105 670 1179 743 duis

56 770 127 838 τῶν
143 765 341 858 εὐαγγελίων
357 766 542 858 πεποίηκε,
570 769 628 835 καὶ
647 765 790 836 ἐπὶτῶν
809 760 1017 838 ἀποστόλων.
1064 776 1174 842 Porro¹
1209 822 1214 837 .

61 873 289 939 deVetcreT
307 875 520 959 separatimc.
535 869 703 948 octavu,
726 868 853 950 4.qu
873 882 934 938 696
953 871 1045 954 dicit,
1074 876 1176 956 „ts-⁹

60 975 215 1039 dacorum
236 975 411 1084 prophetas
436 971 547 1037 divino
568 970 677 1057 spiritu
697 971 885 1053 illustratos,
916 987 1069 1060 qnantum
1092 977 1169 1064 ipsis

57 1076 141 1138 utile
156 1048 294 1151 suerit„
311 1085 375 1138 .et
389 1072 555 1160 persancti
568 1072 884 1158 spirituacontactum
897 1087 1039 1140 mentem
1054 1086 1170 1145 eorunr'

59 1167 125 1256 (ἵν’
139 1168 247 1248 οὕτως
259 1165 428 1275 draptiaco)
440 1172 697 1260 perspicaciorem
710 1172 913 1259 animamque
921 1174 1170 1260 splendidiorem
1232 1201 1238 1215 ·

58 1279 179 1338 iactam
197 1276 337 1352 fuisse‚”
366 1256 400 1337 c't
415 1266 612 1339 doNovoT.
627 1271 807 1338 Commeat.
822 1274 915 1339 Tam.
929 1275 1008 1343 XV.
1028 1284 1055 1365 6.
1073 1294 1113 1349 12
1132 1283 1170 1347 sn

58 1372 174 1440 Mutat.
192 1375 254 1438 rol.
271 1372 329 1448 ΙΙΙ,
344 1385 405 1443 tet
423 1373 576 1454 significat
593 1373 658 1435 sese
677 1373 825 1454 credere,
851 1388 994 1441 accurate
1005 1382 1171 1501 evangelia

60 1476 234 1562 conscripta
254 1477 318 1538 esse
340 1493 573 1560 σννεργονννος
597 1472 733 1537 καὶτοῦ
756 1467 944 1556 πνεύματος
963 1471 1061 1565 ἁγίου
1083 1482 1172 1547 etin
1230 1512 1238 1545 t

61 1573 351 1642 commemorandis
368 1578 464 1639 rebus
479 1576 582 1662 lapsos
599 1594 664 1636 non
679 1576 741 1638 esse
755 1595 868 1640 eorum
881 1579 1055 1664 scriptores.
1097 1580 1187 1655 Aea,

60 1690 170 1741 cnrata
191 1674 371 1762 additisque
396 1674 594 1757 argumentis
615 1675 699 1738 hanc
725 1677 814 1739 suam
836 1680 1070 1763 persuasionem
1091 1664 1185 1773 pro-s

59 1780 127 1843 fert
148 1776 305 1858 Origenes
324 1775 365 1839 de
383 1776 482 1862 princ.
503 1773 563 1854 tv,
591 1786 606 1841 t
626 1775 693 1859 sqq.
711 1795 744 1839 v.
758 1773 785 1855 Ι,
809 1787 869 1843 166
888 1780 953 1866 sqq.
976 1780 1029 1844 hia
1047 1784 1174 1848 verbius

60 1880 279 1966 „Antequam
295 1879 335 1940 ab
347 1878 423 1963 ipsis
435 1873 595 1961 scripturis
607 1886 641 1938 et
655 1876 710 1950 iis,
732 1876 860 1961 quaein
872 1870 1173 1964 iptts'dcclarantur,

59 1980 241 2047 testimonia
262 1979 478 2065 proferamus,
505 1975 546 2039 de
566 1974 654 2039 Mose
671 1973 759 2038 etde
774 1974 914 2057 Christo,
940 2001 1077 2065 quorum
1091 1982 1177 2049 alter

49 2084 283 2154 ,Hebraeorum
300 2078 477 2160 legislator,
505 2079 586 2140 alter
603 2076 786 2139 salutarium
806 2077 991 2142 christianae
1008 2080 1175 2161 religionis

61 2182 329 2249 documentorum
354 2191 464 2242 auctor
488 2180 551 2258 est,
585 2179 665 2240 haec
690 2177 784 2240 nohis
805 2175 939 2242 dicenda
959 2183 1042 2245 sunt.
1090 2181 1177 2247 carn

62 2284 153 2349 enim
172 2284 257 2348 inter
273 2280 411 2368 Graecos
436 2290 469 2341 et
488 2278 638 2342 barbaros
657 2298 755 2363 quam
771 2279 903 2365 plurirni
921 2282 1099 2347 exstiterint
1118 2284 1175 2347 10⁴

62 2388 277 2469 gumlatorcs,
305 2379 451 2443 doctores
465 2379 563 2458 item,
593 2378 648 2464 qui
665 2379 808 2443 veritatis
826 2381 974 2446 notitiem
993 2385 1058 2449 suis
1074 2404 1176 2471 prae-

63 2488 165 2575 ceptis
184 2486 427 2574 pollicerentur,
458 2483 585 2543 nullum
601 2491 711 2542 tamen
730 2481 822 2544 fuisse
841 2483 1020 2570 accepimus
1040 2489 1177 2568 legisla

62 2601 185 2668 torem,
219 2587 276 2673 qui
298 2583 429 2670 reliquis
454 2583 602 2663 gentibus
628 2582 755 2644 suarum
776 2585 885 2664 legum
902 2586 1176 2679 suscipiendarum

62 2686 239 2755 nautum
228 2703 416 2766 ingenerare
438 2684 588 2769 potuerit.
647 2682 690 2746 Et
722 2685 869 2770 quamvis
893 2687 1074 2776 philosophi
1101 2706 1177 2753 cum

62 2791 171 2857 multo
190 2785 355 2875 prodirent
377 2782 682 2847 demonstrationum
700 2798 869 2871 apparatu,
908 2807 991 2874 quse
1011 2809 1031 2851 e
1050 2774 1178 2854 raucae

63 2890 185 2978 petitae
203 2884 406 2966 riderentur,
435 2902 582 2972 quaeque
604 2886 744 2947 multum
762 2886 992 2972 probabilitatis
1011 2890 1177 2971 haberent,

64 3010 164 3055 nemo
178 2988 298 3053 exiliis
310 2986 390 3064 tuit,
418 2985 474 3072 qui
487 2986 653 3071 probatam
665 2985 723 3048 sibi
735 2989 905 3052 veritatem
924 2988 1055 3054 diversis
1067 3012 1179 3080 popu·-

62 3091 169 3156 sisvcl
178 3088 274 3153 unius
288 3087 392 3169 gentis
402 3087 592 3174 praecipuae
604 3084 804 3151 multitudini
817 3087 1004 3173 persuadere
1019 3092 1181 3178 potuerim

63 3187 264 3278 atqui.vttlde
277 3189 433 3275 optassent
443 3188 640 3269 legislatores
660 3199 693 3251 et
712 3187 856 3252 doctores
875 3190 941 3270 illi,
961 3204 999 3258 ut
1015 3195 1073 3277 iis,
1099 3206 1180 3284 ques

63 3292 345 3378 bonesputabant,
365 3289 489 3371 legibus
500 3289 700 3369 universum
719 3291 821 3352 sifieri
831 3293 995 3376 potuisset
1008 3297 1181 3361 hominum

64 3411 169 3472 genus
181 3390 402 3470 subjiceretur,
416 3401 450 3453 et
460 3410 558 3476 qnam
569 3387 628 3477 ipsi
639 3391 748 3453 animo
761 3396 1181 3478 conceperantveritasubi-

64 3489 570 3577 queterrarumdisseminaretur;
589 3487 953 3591 sedutpotenonidonei
960 3497 1180 3585 ‚quialterius

65 3589 199 3672 linguae
215 3593 458 3677 multarumque
476 3591 622 3671 gentium
634 3593 784 3658 homines
796 3593 836 3657 ed
851 3597 960 3675 legum
973 3600 1099 3660 suarum
1115 3596 1180 3657 ob-

66 3690 282 3756 servationem
305 3704 338 3756 et
356 3691 398 3755 ad
417 3692 507 3754 suam
521 3689 717 3777 disciplinam
730 3694 961 3782 suscipiendam
973 3696 1179 3777 adducerent,

67 3809 112 3853 ne
133 3791 267 3873 aggressi
286 3791 418 3879 quidem
440 3794 512 3854 sunt
531 3789 565 3853 id
584 3792 730 3876 efficere3
757 3796 931 3884 prudenter
945 3799 1032 3862 enim
1046 3793 1180 3881 praeri-

67 3887 185 3956 dorant
210 3889 246 3956 id
269 3894 302 3955 se
325 3892 474 3979 consequi
493 3893 584 3955 nullo
603 3894 701 3959 modo
721 3901 819 3984 posse.
872 3899 922 3962 At
941 3898 1086 3960 universa
1108 3906 1179 3959 tum

8 4000 11 4041 ἱ
67 3986 222 4074 Graecia,
254 4005 327 4056 tum
350 4015 433 4081 quae
454 4014 513 4081 par
530 3994 714 4060 universnm
732 4002 873 4064 nostrum
893 4011 1048 4063 terrarum
1067 3992 1195 4059 orbem'

8 4086 11 4095 ’
66 4102 159 4180 patet
183 4095 343 4175 herbaria,
375 4096 565 4160 innumeros
582 4096 697 4177 habet,
734 4101 790 4187 qui
813 4099 971 4164 derelictis
992 4097 1103 4183 patriis
1126 4098 1182 4161 lc-

67 4192 162 4277 tibus
175 4203 211 4260 et
221 4190 286 4262 diis
299 4197 454 4284 receptis,
474 4196 600 4287 summo
610 4194 715 4265 studio
728 4198 881 4266 Mosaicas
893 4201 979 4283 leges
992 4211 1025 4263 et
1039 4197 1183 4288 discipli·
