2572 4770
454 300 458 307 .
546 235 713 304 Clemens.
784 280 788 287 -
1128 238 1185 307 ³63

69 406 154 499 φοί*
182 408 352 498 „primum
369 392 517 498 guidem,
545 426 581 476 ut
597 413 767 495 diligenter
778 413 978 500 inquiramus
995 404 1064 494 (sao
1081 406 1184 501 ζητη-

67 502 392 596 σικοὶ,ὖπάρχωμεν)
411 526 444 579 et
459 516 583 599 semper
600 516 805 596 invigilemus
819 516 1002 577 salutarium
1018 511 1184 579 doctrina-

67 634 147 677 rurn
156 612 346 675 inventioni.
388 612 555 679 Praeterea
568 616 721 701 quianon
735 617 944 678 conveniebat
956 615 1105 677 omnibus
1115 616 1184 677 ho-

68 713 213 776 minihus
229 713 407 794 intelligere
429 717 567 791 (sensum
586 718 755 804 scripturae
773 720 954 795 arcanum);
981 737 1057 777 nam
1074 712 1182 779 fraudi

71 812 117 877 iis
129 815 218 893 esset,
245 814 374 876 sialiter
389 815 566 900 acciperent
577 836 631 895 ea,
660 837 740 904 qnae
757 817 897 902 aspiritu
912 820 1015 879 sancto
1028 815 1180 881 salutari-

71 923 125 976 ter
147 911 228 977 dicta
251 916 331 978 sunt.
386 911 540 993 Quocirca
566 920 676 982 electis
702 917 885 980 hominibus
911 928 944 979 et
968 918 1023 997 iia,
1059 917 1181 1004 quiex

67 1009 137 1075 ade
160 1016 299 1099 cooptati
319 1017 391 1079 sunt
416 1015 457 1079 ad
476 1019 707 1099 cognitionem,
731 1020 884 1080 asservata
902 1019 1006 1081 sancta
1028 1020 1179 1100 mysteri·

66 1114 309 1199 prophetiarum
341 1128 491 1197 teguntur
515 1119 712 1203 parabolia.”
766 1117 886 1200 (Simili
910 1120 1032 1184 ratione
1056 1119 1176 1187 saon.

65 1213 110 1292 V,
127 1228 177 1295 10,
192 1227 253 1282 666
267 1217 420 1299 inculcat,
446 1222 570 1282 sensuro
590 1216 789 1281 reconditum
807 1221 975 1304 scripturae
988 1243 1054 1284 non
1066 1221 1178 1285 omui-

66 1315 129 1378 hue
138 1327 261 1379 temera
273 1321 335 1382 esse
349 1319 581 1406 operiendum.)
584 1369 671 1398 .....
696 1319 858 1383 Postremo
871 1322 1085 1406 parabolicum
1096 1323 1177 1387 scri-

64 1426 177 1501 pturae
189 1438 290 1496 genua
303 1442 374 1484 cum
387 1422 425 1483 fit
439 1421 704 1508 antiquissimum,
717 1421 832 1484 merito
845 1422 1019 1507 prophetae
1032 1424 1176 1491 maximo

63 1537 106 1579 ao
133 1518 290 1597 asilum,
322 1533 358 1583 ut
380 1523 507 1607 spiritus
534 1525 657 1585 sanctus
681 1519 877 1598 ostenderet,
910 1533 943 1583 et
968 1525 1177 1610 philosopho·

62 1637 210 1698 graecae,
245 1631 278 1682 et
311 1622 445 1683 aliorum
480 1625 684 1686 barbarorum
711 1624 867 1707 sapientes
898 1623 1052 1702 ignorasse
1078 1626 1195 1689 solu-¹

60 1738 137 1781 rum
166 1717 291 1782 domini
315 1720 489 1786 adventum
515 1737 547 1787 et
571 1726 736 1805 mysticam
766 1719 941 1785 doctrinam
969 1725 1008 1787 ab
1036 1746 1076 1788 eo
1101 1736 1174 1789 tra·

62 1817 244 1885 dentiam.”

62 1964 70 1974 .
147 1920 301 1987 Seniue·
327 1926 548 2010 scripturae
582 1928 603 1989 s.
632 1924 810 1986 literalis
840 1923 1024 1988 omnibus
1047 1924 1174 1991 facile

61 2032 206 2110 patena
236 2023 363 2087 fidem
399 2026 530 2105 gignit
558 2020 833 2087 tantummodo
867 2024 1174 2107 elementaramg

59 2124 197 2186 sensus
219 2146 313 2186 vero
334 2125 580 2204 allegoricus
602 2124 647 2186 ad
668 2124 983 2209 praeclariorem
1007 2123 1173 2208 sapien-

59 2225 158 2288 tiam
173 2224 364 2308 (γνῶσιν)
384 2223 496 2287 ducit
508 2225 706 2305 (Strom.VI‚
725 2234 772 2303 15,
790 2236 849 2289 806
863 2225 941 2308 sq.).,
963 2220 1072 2304 Quare
1085 2242 1172 2307 guo-

59 2326 153 2389 sticua
165 2326 369 2406 allegoricum
385 2325 600 2390 studiosissime
613 2325 820 2406 investigabit.

142 2424 280 2506 Jamjarn
300 2428 524 2492 illustrabimur
546 2431 628 2490 hanc
642 2427 816 2492 Clementis
834 2423 875 2489 de
893 2424 981 2487 sensu
1000 2426 1022 2489 s.
1041 2425 1064 2488 s.
1085 2424 1171 2489 alle-

58 2529 165 2610 gorico
190 2530 378 2593 sententiam
411 2530 619 2615 exemplis.
671 2528 817 2592 Primum
843 2548 862 2590 e
889 2526 1040 2590 Vetere
1064 2524 1171 2591 Tela.

59 2630 179 2695 Suom.
193 2630 236 2709 V,
250 2643 280 2708 6,
294 2642 354 2696 666
368 2633 431 2716 sqq.
446 2629 540 2692 docet
554 2629 719 2709 Clemens,
748 2625 909 2715 quomodo
923 2626 1060 2689 narratio
1071 2624 1178 2693 Mosa-

59 2730 99 2797 ‹le
112 2724 342 2795 construetione
355 2726 483 2792 tentorii
503 2730 600 2792 stracti
619 2728 703 2793 etde
717 2733 811 2811 robae
829 2728 869 2792 ad
882 2727 961 2791 illud
975 2729 1171 2815 pertinenti-

47 2822 117 2899 'hua
129 2834 298 2914 allegorice
313 2833 351 2894 fit
364 2829 561 2916 explicanda.
598 2831 686 2910 „Per
699 2829 923 2894 candelabrum
935 2830 968 2891 in
981 2829 1170 2895 australibu!

58 2934 200 3022 partibus
218 2933 373 2995 thuribuli
392 2933 485 2994 situm
506 2932 656 2996 declarati
672 2934 744 2994 srrnt
760 2945 867 2996 motus
886 2933 1007 3016 septem
1025 2931 1170 2993 lumina·

57 3035 159 3116 rium,
180 3056 263 3121 quae
276 3034 425 3095 australes
437 3033 560 3096 faciunt
579 3035 808 3097 conversiones.
858 3031 910 3094 Ex
928 3044 1062 3117 utraque
1080 3030 1172 3105 enim

57 3148 147 3222 parte
165 3132 348 3197 candelabri
367 3145 430 3196 trec
447 3135 553 3197 inserti
574 3140 646 3197 lunt
667 3133 765 3211 rami,
798 3144 830 3196 et
851 3134 886 3194 in
910 3131 984 3216 ipsis
1007 3132 1167 3213 lucernae,

57 3236 211 3323 quoniam
224 3235 269 3298 sol
282 3257 424 3322 quoque,
438 3248 588 3322 tanquam
604 3233 846 3311 candelabrum,
860 3232 1032 3294 collocatus
1044 3232 1077 3293 in
1090 3250 1174 3295 me-·

58 3332 109 3399 dio
123 3337 261 3400 aliorum
274 3339 492 3423 planetarum,
515 3349 548 3398 et
560 3336 599 3399 iia
614 3337 667 3420 qui
680 3337 751 3396 sunt
765 3334 856 3420 super
867 3334 990 3417 ipsum,
1013 3345 1046 3397 et
1058 3332 1097 3394 ils
1110 3324 1168 3417 qui

56 3438 126 3501 sunt
139 3437 197 3500 suh
212 3437 279 3523 ipso
292 3435 401 3499 divina
415 3434 553 3520 quadarn
564 3438 681 3498 musica
693 3437 797 3495 lucem
811 3430 902 3496 indit.
940 3432 1045 3495 Habet
1057 3442 1166 3493 autem

55 3536 143 3601 aliud
156 3558 286 3624 quoque
298 3538 443 3618 aenigma
457 3558 588 3600 aureum
601 3535 844 3614 candelabrum,
857 3533 935 3615 signi
949 3533 1078 3608 Christi,
1096 3548 1165 3593 uon

53 3640 153 3720 figura
173 3638 255 3718 sola,
287 3637 399 3702 sedeo
419 3638 533 3716 etiam,
564 3635 650 3722 quod
671 3639 777 3700 lucem
796 3637 940 3700 immittit
956 3628 1166 3696 multifariam

52 3739 228 3826 multisque
239 3736 345 3801 modis
358 3739 389 3800 in
403 3740 476 3817 eos,
505 3738 560 3824 qui
576 3738 611 3799 in
623 3739 727 3824 ipsum
739 3737 886 3816 credunt,
913 3739 1039 3819 sperant
1057 3740 1090 3792 et
1106 3740 1165 3791 rao·

8 3900 16 3931 ,
51 3838 202 3926 spiciunt,
222 3859 281 3926 per
293 3839 503 3902 ministerium
516 3857 645 3917 eorum,
676 3859 758 3924 quae
777 3841 849 3902 sunt
866 3838 971 3923 primo
990 3838 1162 3903 creata...,

50 3937 200 4021 Quaado
213 3943 318 4002 sancta
331 3959 400 4002 arca
414 3950 598 4017 narrantur,
610 3939 785 4020 significant
794 3935 969 4011 mundum,
984 3932 1040 4017 qui
1051 3930 1162 4015 perd*

43 4041 137 4131 ψ»
154 4040 384 4122 intelligentia,
413 4040 468 4126 qui
486 4041 530 4102 est
545 4040 644 4119 vulgo
662 4041 802 4104 occultus
819 4049 853 4100 et
869 4036 1009 4101 occlusus
1028 4021 1162 4118 ornain

48 4134 90 4237 rs
107 4138 173 4209 voi
190 4140 313 4227 vomui
328 4133 471 4226 κόσμου,
498 4138 559 4205 τοῦ
576 4131 945 4226 ἀποκεκρυμμένου-καὶ
959 4125 1162 4208 iuratam-t

958 4444 1224 4506 ’·Ι
