2572 4770
413 386 763 455 ...νό-,-

53 570 150 624 runt.
194 557 274 623 Huc
287 555 430 634 accedit,
459 554 548 645 quo'd
562 557 726 626 Eusebius
740 561 777 625 in
790 559 957 627 Chronico
971 565 1021 645 11,
1034 584 1118 653 ²97·
1243 570 1247 577 '

52 659 108 724 ed.
126 656 276 726 Anoher.
296 658 446 747 primum
463 661 655 747 Maximini,
697 662 983 750 Hieronymianae
1004 679 1116 731 autem

55 761 216 829 Chronici
237 762 394 829 verlionio
412 762 566 831 codicum
586 764 692 835 altera
707 784 789 852 pare
809 763 1041 847 undecimum,
1065 768 1117 832 al·
1188 788 1191 793 ·

51 877 124 931 tera
136 863 376 930 duodecimum
387 862 576 932 Alexandri
591 867 626 933 S.
637 888 765 932 annum
780 864 914 935 indicat.
962 856 1127 936 Primum*
1238 850 1244 875 ⁰

53 966 241 1046 Chronico,
265 970 386 1033 licum
405 966 537 1035 historia
558 954 767 1035 eccleliastica
786 968 944 1049 dissentit,
970 971 1115 1038 auctori·
1167 970 1184 1013 '¹
1232 980 1235 985 '

51 1081 98 1137 us
120 1068 225 1136 tribui
243 1068 438 1156 vix·potest3
468 1069 535 1137 illic
557 1072 647 1160 enirn
665 1093 797 1137 errores
815 1068 947 1138 facilius
966 1071 1116 1161 irrepere
1170 1087 1177 1101 ·

51 1184 253 1260 potuerunt,
286 1193 388 1258 quam
407 1172 480 1253 hic,
516 1186 616 1263 atque
636 1172 727 1241 haud
747 1196 874 1264 paucos
891 1175 926 1239 in
944 1173 1115 1243 Chronico

53 1272 307 1363 deprehendero
324 1268 403 1340 lioe't
428 1298 578 1357 errores,
609 1278 668 1364 qui
682 1277 880 1365 negligentia
895 1288 953 1343 aut
968 1277 1116 1343 auctoris

52 1390 111 1442 aut
133 1375 328 1465 interpretii
348 1376 505 1444 videntur
524 1378 651 1463 effecti,
681 1378 770 1467 quod
791 1378 889 1447 verbi
907 1380 1016 1466 grane
1032 1377 1116 1446 Ori·
1166 1448 1169 1459 ,

51 1501 151 1567 gener
168 1476 239 1545 non
257 1478 370 1566 priun,
403 1496 506 1567 qnam
530 1482 631 1569 paulo
652 1495 730 1548 ante
750 1482 931 1568 decellum,
959 1480 1115 1549 Alexan-

52 1582 145 1647 driae
164 1580 313 1647 llornilse
333 1581 452 1648 dicitur
473 1582 495 1647 l.
518 1584 541 1649 l.
560 1587 608 1666 II,
640 1602 724 1674 297.
778 1586 957 1657 Praeterea
976 1582 1032 1649 hic
1049 1596 1115 1650 ac·
1160 1632 1165 1655 2

53 1683 167 1761 nediu.
206 1683 296 1771 quod
338 1689 502 1765 verlionee
532 1686 736 1753 Armeniaca
777 1700 810 1753 et
834 1686 1114 1774 Hieronymiana,

53 1798 85 1852 et
112 1786 404 1874 Hieronymianae
430 1787 559 1854 codices
592 1790 679 1856 iuter
708 1789 742 1855 [e
772 1788 943 1855 differunt.
1016 1790 1115 1875 Qua-

54 1910 91 1953 re
127 1888 288 1954 Chronioi
315 1887 513 1956 'sententiam
553 1888 618 1957 hoc
654 1893 730 1957 loco
771 1891 908 1978 prorius
948 1884 1113 1977 negligere

56 2012 123 2055 non
146 1988 276 2071 dubito,
314 1991 510 2078 praesertim
535 2014 622 2079 quae
654 1991 696 2055 ab
720 1991 856 2081 alteriue
883 1991 988 2075 partia
1014 1990 1114 2055 hino.

57 2093 125 2157 riae
166 2092 395 2167 eccleliaflirae
428 2092 582 2159 c'odicnm
617 2092 776 2159 sententia
808 2112 847 2156 re
879 2090 937 2157 vix
971 2089 1113 2157 differat.

59 2194 245 2259 sinautem
270 2194 369 2281 iplius
391 2180 549 2262 historiae
565 2195 794 2273 eorlefiasticae
821 2192 952 2259 codices
971 2193 1058 2259 inter
1079 2194 1113 2258 le
1146 2230 1151 2261 ι

59 2294 234 2375 differunt,
271 2286 421 2384 'primum
451 2297 643 2384 quaeritur,
681 2310 757 2363 utra
777 2296 937 2385 sententia
961 2294 1113 2362 videatur

58 2396 201 2463 hilloriae
218 2400 479 2465 convenientior.
528 2402 600 2466 Iam
616 2416 699 2466 vero
720 2399 798 2487 quia
818 2399 1011 2464 Demetrius
1026 2397 1115 2484 epis-

59 2522 156 2587 eopus
169 2512 226 2590 aut
240 2499 359 2567 eodem
372 2522 461 2566 anno
469 2502 671 2571 CCXXXIl.
681 2515 742 2568 aut
753 2502 890 2567 ineunte
896 2499 1113 2567 CCXXXIII.

10 2600 15 2611 '
58 2616 205 2667 mortuus
222 2606 282 2682 ett,
313 2601 346 2668 id
369 2603 458 2691 quod
471 2602 588 2670 diserte
598 2603 705 2671 refert
714 2603 878 2671 Eusebius
892 2603 928 2668 in
943 2600 1113 2669 Chronico

58 2704 102 2784 ll,
119 2720 210 2794 297,
240 2703 322 2789 duni
340 2726 371 2769 a·
387 2705 612 2787 ccxxxln„
623 2707 808 2772 Heraclam
828 2704 870 2769 ad
889 2704 1115 2792 episcopatum

55 2805 212 2871 aoceffille
232 2819 367 2887 namet,
403 2818 437 2873 et
459 2806 841 2898 confirmatirlemhfe⁴
862 2804 1020 2888 V1,26.,
1055 2804 1114 2870 ubi

59 2906 173 2973 dicitur
192 2908 387 2975 Demetrius
406 2930 467 2997 per
486 2907 705 2996 quadraginta
726 2923 795 2977 trec
816 2930 923 2975 annos
941 2908 1113 2995 episcopua

57 3006 166 3093 fuitre,
197 3023 230 3076 et
250 3009 284 3075 ln.
303 3034 332 3077 e.
357 3011 408 3091 V,
433 3034 509 3091 22.,
539 3033 583 3077 ex
601 3033 669 3099 quo
684 3010 896 3099 intelligitur,
925 3031 1006 3076 eum
1024 3030 1113 3074 anno

57 3112 277 3179 CLXXXIX.
293 3112 349 3181 vel
364 3112 466 3180 CXC.
485 3100 769 3201 ad'epilcopatum
782 3111 984 3200 pervenille:
1009 3133 1114 3198 quae-
1222 3150 1224 3154 ·

10 3242 16 3305 .'
55 3214 107 3279 lio
134 3216 265 3281 nostrae
289 3213 462 3281 reducitur
491 3214 533 3281 ad
558 3215 669 3294 illam,
704 3228 822 3281 utrum
841 3214 901 3280 tub
926 3213 1114 3303 episcopatu

10 3332 12 3345 '
53 3314 217 3384 Demetrii
240 3309 424 3400 (a.232.)‚
456 3338 499 3380 an
519 3315 688 3381 Heracleo
716 3309 908 3396 (2254),
948 3314 1113 3381 Demetrii

52 3418 91 3483 ab
105 3440 200 3485 anno
214 3417 433 3487 CCXXXIII.
442 3417 633 3483 succellorio
648 3416 737 3496 (vid.
749 3415 883 3486 Eulebii
898 3416 1025 3485 Chron.
1035 3417 1058 3482 l.
1073 3416 1114 3496 1.;

10 3530 18 3599 l
51 3518 127 3587 lue.
141 3522 213 3603 VI,
227 3518 325 3599 26.)‚
346 3518 511 3606 Origenes
525 3517 734 3587 Alexandria
745 3524 784 3586 fit
797 3520 964 3608 expulsus.
1014 3517 1115 3604 Cogi-

19 3690 26 3713 ,
53 3623 114 3689 nri
132 3634 250 3689 autent
268 3622 330 3688 vix
346 3625 464 3709 potest,
499 3620 701 3704 Heracleam,
738 3621 935 3710 discipulum
958 3619 1113 3707 Origenia

54 3738 151 3813 atque
166 3723 296 3789 socium
313 3723 558 3811 collegamque,
584 3724 779 3813 ipsumque,
802 3724 851 3790 uti
863 3721 955 3789 infra
970 3742 1114 3811 appare-
1252 3786 1256 3793 ,

55 3823 113 3907 bit,
141 3822 399 3916 philosophum,
429 3838 500 3893 tam
522 3824 652 3913 ingrato
672 3825 708 3892 in
734 3837 997 3919 praeceptorem·
1012 3837 1114 3908 atque

55 3922 234 4017 panon'un
248 3924 345 3995 {uiuo
357 3927 482 4010 animo,
505 3941 544 3995 ut
558 3950 637 3993 eum
651 3927 693 3994 ad
706 3926 822 4017 fugam
834 3927 997 4015 oo'e'gilset.
1041 3925 1115 3990 Ne-

35 4104 40 4115 ,
58 4032 122 4117 gari
143 4028 281 4119 quidem
297 4030 430 4117 nequit,
462 4030 600 4117 culpem
619 4030 711 4097 istane
724 4052 746 4095 a
760 4027 910 4118 patribus
927 4023 1115 4112 compluri-

40 4128 114 4201 Ιθυι
126 4126 185 4223 ⁴⁹)
210 4132 248 4200 iu
265 4131 455 4200 Heraeum
474 4132 633 4201 convolvi
663 4131 925 4222 (quiunquam
948 4127 1127 4220 Demetrii*

43 4282 48 4289 ¹
61 4282 260 4303 ῃ

96 4366 322 4448 ⁴9)an11111
347 4370 526 4438 Gennadius
553 4370 592 4439 tle
615 4375 693 4437 virio
716 4368 884 4438 itluttribn
907 4371 1038 4473 capssss·
1059 4366 1120 4433 ὧν.
