2572 4770
388 329 546 399 Cleonas
567 325 873 423 (Eschatologt'a).
1111 332 1184 411 1⁶6

67 524 130 569 nos
148 501 354 586 erudiuntur,
382 506 423 572 ad
435 510 664 596 perfectionem
685 476 816 598 quitlem
836 508 953 575 reversi
971 528 1008 573 sc
1024 506 1184 573 determi-

67 605 148 670 nati.
197 606 282 669 Dein
297 609 350 694 qui
367 606 503 671 docendi
517 634 636 675 rannus
650 614 682 676 in
699 616 731 677 se
746 616 966 701 susceperunt,
993 611 1027 672 in
1040 610 1183 698 potesta-

67 719 139 773 tem
168 710 422 789 archangelicam
450 722 632 792 transeunt3
678 714 733 797 qui
761 712 900 783 discendi
932 722 1037 801 partes
1067 709 1195 795 perse-⁸

70 819 199 887 cerunt,
226 809 300 873 illos
321 812 443 889 rursus,
470 811 525 896 qui
544 832 586 874 ex
605 813 789 879 horninibus
807 814 847 878 ad
861 814 991 894 angelos
1005 800 1182 891 transeun‘t,

69 906 263 973 erudiendos
284 909 475 993 suscipiuntss
505 912 547 974 stc
566 916 673 998 postea
695 915 835 999 periodis
855 916 948 980 certis
957 917 1022 994 jam
1039 910 1180 987 ‹lictisiu

63 1008 231 1096 propriam
246 1010 484 1098 angelicamque
498 1014 637 1099 corporis
652 1015 821 1079 stationem
839 1013 1081 1080 constituuntur.
1089 1012 1110 1047 '³

152 1108 325 1189 Quaeritur
353 1108 509 1198 denique,
545 1114 762 1203 impiorum
789 1110 946 1202 poenae
975 1111 1016 1176 ‹le
1045 1115 1179 1176 senten-

64 1209 112 1271 tia
132 1207 307 1276 Clementis
330 1223 478 1275 aeternae
496 1213 556 1277 lint
569 1237 679 1278 necne.
727 1215 765 1279 In
788 1214 920 1298 integris
938 1211 1071 1300 quidem
1094 1231 1179 1299 quae

62 1310 231 1397 supersunt
250 1312 372 1399 scriptis
386 1311 535 1377 Clemens
556 1338 622 1378 non
639 1315 736 1379 modo
758 1313 885 1379 diabolo
909 1313 1093 1378 facultatem
1111 1312 1178 1379 sele

62 1408 260 1474 emendandi
277 1413 404 1494 tribuit,
430 1414 485 1477 sed
502 1416 600 1480 etiem
614 1420 753 1503 pollutas
766 1415 889 1480 auhnas
902 1415 1025 1478 nonnisi
1043 1411 1084 1475 ad
1099 1432 1178 1477 eum

62 1512 165 1575 linem
187 1535 205 1576 e
227 1512 298 1577 Deo
320 1514 462 1595 castigari
480 1513 573 1596 dicit,
601 1530 638 1579 ut
656 1517 851 1598 corrigantur
872 1526 922 1595 et,
949 1513 1177 1594 Rectissime,

61 1610 107 1675 ed
125 1615 357 1701 poenitentiam
379 1618 568 1701 perveniant
590 1621 641 1696 (ut
660 1619 751 1702 supra
769 1616 944 1696 vidimus),
973 1628 1070 1701 atque
1085 1612 1177 1681 idem

55 1716 230 1779 'confilium
240 1717 337 1780 etiam
349 1716 382 1778 in
394 1729 538 1780 extremo
548 1717 605 1779 illo
617 1716 735 1797 judicio
749 1715 927 1780 exercendo
937 1718 999 1779 esse
1008 1717 1080 1783 Deo
1093 1736 1175 1803 pro-

59 1816 201 1904 positum
215 1818 329 1882 aitStr.
339 1818 415 1897 VH,
425 1833 456 1897 2,
466 1829 526 1886 835
539 1817 590 1880 his
602 1820 725 1882 verbis:
748 1808 953 1891 Παιόεύσεις
968 1814 1004 1880 δὲ
1019 1812 1056 1880 αὶ
1070 1808 1176 1901 ἀναν-ν

54 1917 158 1980 -νοῐαι
164 1960 175 1993 ,
196 1911 384 2005 ἀγαθότητι
397 1920 458 1984 τοῦ
471 1916 661 2005 ἐφορῶντος
671 1908 818 2001 μεγάλου
832 1913 948 2004 κριτοῦ
953 1959 964 1990 ,
984 1909 1041 1978 διά
1055 1938 1090 1979 τε
1106 1913 1174 1981 τῶν

58 2016 233 2103 προςτχῶν
250 2010 412 2104 ἀγγέλων,
441 2012 499 2084 dcci
512 2038 549 2082 τε
563 2013 774 2103 προκρίσεων
785 2012 951 2080 ποικίλων
967 2013 1025 2078 καί
1039 2012 1096 2079 tirsi
1113 2012 1175 2099 τῆς

59 2110 205 2203 κρίσεως
221 2118 281 2206 τῆς
301 2118 500 2197 παντελοῦς,
524 2111 604 2193 τούς
617 2116 677 2182 ἐπὶ
690 2112 794 2181 πλέον
805 2106 1041 2201 ἀπηλγηκότας
1054 2107 1175 2197 ἐκβιά-

58 2214 175 2297 ξονται
187 2218 373 2305 μετανοεῖν,
387 2221 432 2281 ita
449 2230 482 2281 ut
499 2217 541 2282 de
553 2219 698 2282 onmium
712 2219 892 2281 animarum
907 2217 1110 2279 conversione
1124 2217 1175 2295 (et

56 2302 265 2406 impunitate)
279 2319 460 2408 aliquando,
476 2320 599 2384 etiamst
611 2322 679 2405 post
692 2331 859 2383 aeternum
874 2317 1005 2381 demum
1020 2317 1173 2393 seculum,

55 2420 270 2507 exspectanda
284 2423 416 2485 omnino
430 2422 577 2504 cogitasse
589 2419 745 2485 videatur.
781 2419 845 2501 (cf.
858 2439 984 2508 quoque
995 2416 1171 2493 Adurnbrr.

55 2523 92 2585 in
108 2537 124 2588 t
140 2521 214 2587 Joh.
228 2520 271 2601 ΙΙ,
287 2535 318 2587 2.
340 2546 371 2608 p.
390 2536 488 2589 1009:
517 2524 535 2556 '³
544 2523 705 2586 Dominus
729 2571 736 2585 .
754 2569 760 2584 .
782 2521 947 2583 universos
961 2518 1092 2609 quidem
1105 2519 1173 2613 sal-5

55 2635 113 2687 rut
125 2625 211 2703 ',‚(ot
232 2645 274 2685 ex
294 2622 410 2686 eodem
430 2625 500 2686 loeo
520 2635 667 2710 apparet,
697 2623 827 2703 angelos
842 2633 874 2685 et
887 2621 1095 2705 homines),”
1114 2616 1171 2683 setl

55 2724 137 2791 ulios
149 2744 207 2811 per
220 2724 368 2810 supplicia
383 2712 588 2802 'convertens‚
602 2725 682 2787 alios
695 2737 803 2789 autem
814 2725 985 2811 spontanea
1000 2727 1173 2810 assequen-

55 2824 302 2905 tesroluntate,
332 2838 365 2889 et
386 2848 458 2890 cum
479 2825 613 2888 honoris
625 2824 806 2909 dignitate„
823 2841 856 2893 et
869 2851 922 2919 qu.
937 2826 1008 2912 λῳ).
1052 2822 1172 2888 conns

55 2944 135 2989 vero
156 2924 193 2986 in
213 2926 392 3008 fragrncnto
415 2929 488 2991 libri
507 2923 548 2989 de
566 2927 691 3006 anima,
713 2932 869 2995 asservato
887 2927 1009 2992 nobisa
1024 2920 1171 2987 Maximo

54 3027 149 3089 seren.
167 3034 206 3090 58
229 3022 269 3088 de
292 3030 398 3092 anima
421 3008 812 3117 (ap.l’titter.p.1020)‚'
836 3027 1011 3093 sententiae
1030 3022 1072 3088 de
1089 3043 1168 3089 vera
1222 3068 1231 3093 t

53 3147 235 3215 poenarum
247 3126 433 3192 aeternitate
449 3128 561 3195 diserte
571 3131 792 3196 savetverbis:
812 3122 993 3199 Ἀθάνατοι
1007 3126 1118 3193 πᾶσαι
1129 3117 1169 3191 αἱ

54 3225 185 3315 ψυχροὶ,
220 3229 277 3309 τοὶ
298 3229 364 3294 τῶν
387 3222 534 3313 ἀσεβῶν,
568 3216 623 3313 οἷς
649 3217 784 3313 ἀμεινον
810 3219 867 3319 ἦν,
899 3225 946 3316 μὴ
966 3220 1169 3316 ἀφθάρτους

54 3318 162 3395 εἶναι·
190 3323 412 3415 κολαζόμεναι
430 3326 494 3417 γάρ
514 3324 583 3398 ἀπὸ
602 3332 664 3400 τοῦ
683 3308 848 3412 ἀοάἑστοο
865 3326 973 3415 πυρὸς
988 3321 1167 3416 inspectu

52 3424 202 3518 τιμωρίᾳ
224 3418 280 3496 ναὶ
298 3427 345 3520 μὴ
366 3426 576 3524 θνήσκουσαι
582 3477 593 3509 ,
613 3428 673 3498 ἀπὶ
686 3430 778 3517 κακῶ
788 3432 837 3516 τῷ
850 3423 976 3497 ἑαυτῶν
990 3424 1087 3504 τέλος
1099 3424 1167 3488 itt-¹

51 3534 124 3615 βεῖν
139 3525 201 3599 οὐκ
218 3526 360 3614 ἔχουσιν.
409 3533 456 3599 Ar
470 3531 669 3601 stromatum
684 3531 854 3599 auctoritas
872 3534 969 3616 hujus
993 3522 1166 3612 sragtneuti

52 3637 280 3701 auctoritatem
291 3637 426 3722 superat.

134 3736 263 3804 Verum
276 3747 343 3801 tota
356 3734 530 3799 Clementis
544 3734 762 3818 Eschntologia
777 3738 823 3799 est
838 3734 1013 3813 obscurior,
1034 3741 1066 3795 et
1082 3728 1167 3792 con-⁰

50 3837 134 3902 sulto
149 3837 204 3902 his
224 3836 265 3901 de
284 3839 380 3901 rebus
395 3836 545 3902 Clemens
559 3836 671 3900 multis
684 3837 789 3901 verbis
801 3836 909 3923 parcit.
955 3826 1005 3894 Τὰ
1018 3818 1051 3894 δ’
1065 3819 1163 3902 ἀλλα,

49 3938 96 4003 ut
111 3936 176 4001 Str.
194 3936 270 4016 VII,
285 3953 316 4016 2,
335 3949 411 4019 835,
441 3936 601 4019 ejusmodi
621 3936 778 4022 dogmatis
797 3935 964 4023 expositis,
980 3928 1080 4019 σιγῶ,
1099 3924 1165 3995 tlo-

48 4032 162 4119 ξάζωτ
180 4035 240 4104 τὸν
261 4029 388 4123 κύριον.
