2572 4770
298 354 318 389 ,-
394 319 566 413 ongean
589 313 882 417 (cornupeta
1127 316 1204 401 ott

88 521 165 566 nem
182 522 247 565 non
260 502 291 565 se
300 502 451 567 omnibus
462 494 721 589 conspiciendum
734 500 926 589 praebueris
938 499 1071 588 exponit
1085 497 1205 568 osseis.-
1240 496 1244 508 '

87 602 133 681 11,
144 605 235 689 68sq.
251 626 283 689 p.
293 611 353 670 454
367 607 428 691 lq.,
441 602 570 687 44464.
584 610 697 693 psts.
707 610 768 671 486
781 604 964 667 haecverba
976 602 1067 666 siccitc
1089 600 1208 681 „com

86 703 124 768 id
140 702 182 767 de
194 703 268 767 Jcsu
286 689 476 784 sentiamus,
507 727 573 771 non
591 706 695 769 solum
713 701 819 791 quoad
838 702 1024 767 interiorem
1043 712 1077 765 et
1090 702 1205 767 notri·

87 802 308 869 absconditam
322 803 540 885 divinitatem,
566 802 621 868 led
634 806 737 868 'etiarn
749 800 854 892 quoad
870 824 1000 891 corpur,
1021 806 1205 884 cujueerga

89 927 171 992 quoe
184 916 218 968 et
233 904 362 991 quando
380 909 482 972 vellet
496 910 642 973 mutabat
653 910 809 987 sormem3
837 901 972 977 dicimus
985 922 1078 984 enm,
1105 915 1207 969 ante-u

88 994 1206 1096 quamexspoliassctpriocipatusetpotestates,etessetpeccetomorn

88 1120 182 1186 tuna,
208 1107 344 1193 potuisse
364 1110 404 1170 ab
423 1108 716 1189 omnihus-videm
747 1105 802 1172 sed
822 1110 988 1194 postquam
1010 1106 1204 1194 exspoliarit

87 1204 330 1296 principatuset
344 1211 524 1294 potestates,
537 1221 572 1272 et
584 1211 703 1273 hahere
717 1207 807 1272 desiit
820 1207 906 1295 quod
922 1209 977 1272 snb
991 1206 1207 1290 oculoerulgi

87 1307 233 1387 caderet,
259 1330 323 1371 non
344 1309 479 1393 potuisse
496 1307 600 1373 videri
614 1312 653 1373 ab
669 1311 734 1375 illie
748 1310 914 1389 omnihus,
935 1308 991 1396 qui
1001 1309 1095 1373 illum
1106 1322 1204 1376 antee

87 1407 247 1474 viderant.
296 1407 407 1488 Unde,
434 1410 581 1474 sinouse
599 1412 749 1475 omnibus
764 1412 833 1496 post
843 1410 1106 1475 resurrectionem
1118 1433 1203 1477 con·

86 1508 283 1596 spiciendum
296 1508 403 1588 dedit,
418 1506 453 1570 id
465 1509 540 1573 fecit
551 1522 588 1574 ut
598 1511 664 1574 illia
676 1511 857 1597 parceret.‘’
872 1534 876 1539 ·
891 1508 997 1591 „Erat
1011 1522 1121 1574 antem
1133 1514 1206 1599 post

87 1613 178 1674 suam
194 1613 453 1676 resurrectionem
476 1612 564 1696 quasi
583 1610 710 1676 medius
731 1613 816 1675 inter
832 1612 965 1674 cresium
983 1606 1207 1699 corpuaillud,

88 1709 178 1800 quod
193 1714 329 1774 hahebat
344 1724 516 1797 autequam
533 1723 711 1799 pateretur,
740 1723 774 1775 et
785 1713 916 1791 subtile,
938 1734 1002 1798 quo
1019 1716 1126 1778 anima
1143 1717 1205 1781 in·-

89 1812 168 1876 dnta
184 1813 389 1898 conspicitur,
418 1813 584 1897 postquem
600 1813 689 1897 prius
711 1833 825 1898 corpus
847 1808 1016 1898 deposuit”
1032 1816 1089 1895 (ih.
1106 1821 1131 1902 4.
1149 1831 1201 1888 62.

86 1938 121 2003 p.
135 1919 223 1994 484).
276 1912 384 1992 „Tale
395 1914 464 1997 post
481 1911 743 1975 resurrectionem
759 1911 833 1975 Jesu
847 1932 961 1998 corpur
973 1917 1105 1979 mutatio
1116 1941 1207 2009 qna-5

87 2018 233 2080 litatibua
247 2015 360 2091 evasit,
383 2013 477 2098 quale
492 2012 632 2098 oportuit
646 2015 733 2091 esse,
757 2011 844 2099 quod
865 2013 900 2074 in
920 2014 1051 2078 aethere
1068 2037 1104 2079 ac
1121 2019 1204 2084 locis

88 2119 220 2183 aethere
240 2114 452 2200 superioribus
470 2114 646 2177 versaretur
665 2115 811 2200 nihilque
823 2114 1107 2195 heberetcornm,
1119 2128 1207 2205 quao'

86 2219 236 2284 inlirmee
254 2214 356 2277 carnis
376 2213 502 2300 propria
521 2214 619 2277 lunt”
642 2215 702 2295 (ib.
715 2213 776 2294 111,
790 2221 841 2280 tr.
864 2237 896 2301 p.
909 2218 997 2296 474).
1051 2214 1205 2305 Denique
1233 2262 1235 2266 ι

90 2320 251 2386 Christum
267 2337 340 2380 curn
354 2314 395 2380 ad
412 2316 538 2379 coelum
549 2313 750 2395 ascenderet,
781 2315 815 2377 in
834 2317 899 2381 sole
912 2336 1027 2402 corpur
1041 2318 1208 2387 sumre-s

87 2420 231 2505 liquisse,
253 2418 419 2502 opinatum
429 2414 692 2496 elseOrigenem,
707 2438 802 2502 qnam
813 2417 961 2481 nonnulli
969 2417 1000 2480 ei
1015 2418 1203 2507 opinionem

89 2517 250 2583 dederunt
264 2515 344 2596 (vid.
359 2515 470 2581 Huetii
482 2514 668 2597 Origeniao.
683 2518 703 2580 l.
716 2519 740 2581 l.
757 2540 809 2604 qu.
824 2527 855 2583 s.
876 2521 901 2602 4.
918 2531 969 2586 27.
987 2541 1019 2604 p.
1038 2524 1111 2601 62),
1132 2522 1204 2587 veri

87 2622 136 2683 est
155 2618 320 2697 dissimile,
349 2640 423 2683 curn
443 2617 547 2704 ipsum
566 2619 647 2708 hapc
667 2618 814 2704 scripsisse
831 2620 949 2683 reserat
962 2620 1151 2707 Pamphilus
1167 2626 1205 2689 in

88 2719 240 2808 apologie
254 2716 334 2799 (vid.
349 2719 447 2783 Huet.
460 2719 483 2780 l.
496 2718 553 2799 l.)r
581 2717 696 2797 ”Ouid
712 2722 757 2782 est
770 2717 857 2806 quod
870 2718 970 2785 dixit:
1002 2721 1041 2785 In
1054 2725 1120 2787 sole
1135 2745 1202 2811 po-

88 2821 152 2884 suit
171 2820 410 2882 taberneculum
428 2814 546 2882 suum?
592 2816 734 2899 Quidam
762 2818 894 2906 quidem
917 2816 1080 2903 dicebant,
1115 2824 1206 2912 quod

87 2921 227 2985 salvator
245 2920 350 2982 noster
369 2916 541 2983 ascendens
562 2938 581 2981 e
599 2921 692 2982 terrie
704 2916 754 2983 'ad
773 2924 899 2987 coelum
919 2937 952 2987 et
970 2946 1086 3011 corpus
1110 2929 1207 2993 suum·

87 3022 267 3098 assumens,
292 3020 440 3105 pervenit
450 3040 552 3105 utque
566 3018 607 3083 ad
620 3042 697 3083 eum
709 3023 861 3085 circulum
875 3024 930 3109 qui
942 3027 1017 3088 solia
1035 3048 1118 3090 zona
1135 3051 1205 3092 no-

87 3123 251 3201 minetur3
270 3131 304 3182 et
316 3120 378 3199 ihi,
393 3123 498 3198 ajunt,
518 3121 622 3205 posuit
636 3124 877 3187 tabernaculum
891 3127 1031 3210 corporis
1045 3129 1115 3209 sui3
1136 3108 1207 3195 narr

87 3224 179 3291 enim
196 3223 280 3286 ultre
300 3232 368 3282 erat
389 3219 534 3305 posfibile
551 3220 585 3283 id
605 3222 765 3308 progredi.
815 3223 880 3288 Sed
896 3226 976 3289 haec
993 3229 1044 3290 illi
1062 3230 1107 3292 ite
1126 3232 1211 3295 sen-.

86 3326 191 3404 tiunt,
218 3344 277 3410 pro
295 3342 336 3385 eo
355 3319 441 3407 quod
459 3322 644 3402 allegoriam
655 3326 770 3387 nolunt
783 3323 818 3387 in
832 3326 982 3412 scriptura
994 3328 1104 3392 divina
1117 3330 1211 3394 reci..

86 3444 185 3514 pere,
198 3435 245 3486 -et
266 3420 340 3485 ideo
360 3443 461 3510 purae
481 3424 630 3487 historiae
653 3421 867 3490 deservientes
878 3428 1065 3506 hujusmodi
1078 3433 1209 3494 sahulem

88 3536 124 3590 et
135 3524 289 3604 figmenta
302 3536 544 3611 componunt„,
572 3547 708 3612 cumque
724 3528 822 3590 etiam
833 3528 1088 3609 Hermogenem,
1113 3532 1209 3594 illiue-

87 3636 360 3714 propugnatorem
372 3625 549 3710 opinionie,
578 3629 753 3691 refutatum
764 3630 883 3693 csseah
899 3630 1039 3712 Origene
1056 3628 1211 3694 tradide-e·

87 3726 132 3790 rit
143 3723 368 3792 Theodoretus
381 3726 501 3794 haeret,
513 3718 602 3794 fehb.
616 3726 645 3809 l,
665 3741 703 3796 19
717 3726 768 3792 ed.
783 3727 912 3796 Schulz.
925 3732 963 3796 Τ.
979 3731 1039 3798 IV.
1060 3752 1092 3818 p.
1107 3740 1180 3800 stt.
1205 3788 1209 3795 .

474 3913 529 3969 De
545 3931 653 3982 opere
672 3911 814 3988 Christi.
832 3884 843 3913 Ἰ

151 3990 154 3995 ¹
175 4030 302 4115 Magnis
326 4034 365 4096 ab
380 4031 524 4113 Origene
544 4032 722 4096 celebratur
738 4032 971 4098 laodihuaJesu
996 4029 1211 4118 doctrina,-

91 4136 203 4220 „quae
225 4145 258 4196 et
274 4132 471 4198 ludaeorum
494 4133 593 4211 ritus,
621 4133 748 4233 intactis
765 4146 874 4197 tamen
892 4153 1005 4195 eorum
1024 4137 1204 4222 prophetin,

91 4236 219 4318 abolet,
240 4248 275 4301 et
289 4234 432 4300 maxime
438 4232 632 4300 Graecorum
645 4231 687 4301 de
702 4235 846 4301 numiuir
858 4235 945 4299 cuttu
959 4235 1047 4317 legra
1059 4236 1212 4321 evertit&
