2572 4770
535 274 700 346 Clemens·
1097 290 1176 355 10⁹

59 474 143 543 quse
167 473 224 516 eas
242 452 366 538 superet
398 451 601 540 pietatem'b.
665 456 772 538 Quam
795 452 979 544 opinionem
1002 457 1083 524 odeo
1111 462 1169 529 fibi

58 558 245 645 persuasam.
255 555 404 620 Clemens
416 557 531 638 habet,
558 571 595 620 ut
608 554 752 645 pluribus
764 559 841 621 locis
855 560 1060 648 philosophos
1075 583 1172 643 grae-

54 683 118 725 -cos
136 662 223 722 sures
243 658 306 720 esse
328 655 521 721 demonstret
540 659 617 739 (Str.
631 660 657 740 l,
674 674 723 740 17,
739 672 817 727 869:
838 661 904 739 „tn
920 663 981 724 hoc
993 675 1100 725 nutem
1115 667 1170 728 ln-

59 774 175 824 troues
194 771 227 822 et
244 760 333 822 sures
352 760 472 822 fuerint
487 759 680 824 Graecorum
692 762 888 847 philosophi,
909 761 996 849 quod
1010 785 1081 827 cum
1094 780 1170 831 ante

62 860 189 925 domini
207 857 383 922 adventum
403 881 421 922 a
441 862 606 946 prophetie
621 864 769 926 hebraeis
787 861 941 948 quasdam
962 869 1171 951 partesveri·

62 964 138 1026 tatis
151 961 355 1046 sumpserint,
376 959 408 1022 id
424 963 557 1024 minime
568 966 791 1044 agnoscentes,
811 965 869 1027 libi
881 976 1030 1051 tanquam
1041 970 1171 1055 propria

62 1063 213 1144 dogmata
228 1063 455 1141 attribuerunt,
469 1074 501 1125 et
518 1064 577 1129 elie
592 1063 721 1155 quidem
735 1063 968 1145 adulterarunt,
986 1069 1048 1130 alia
1061 1085 1170 1137 autem

60 1167 294 1251 supervacanea
314 1160 452 1248 quadam
471 1162 636 1246 diligentia
650 1166 797 1253 imperite
812 1186 848 1227 ac
861 1165 1067 1252 sophistarum
1078 1190 1171 1236 more

61 1266 313 1351 interpolnrunt,
353 1264 414 1325 elia
443 1263 541 1329 etiam
561 1267 797 1345 invenerunt3'’
824 1266 884 1330 Str.
903 1265 945 1347 Π,
969 1279 996 1346 1,
1009 1276 1070 1336 tea
1085 1275 1168 1359 sqq:

56 1367 255 1453 ·,‚Deinceps
277 1376 385 1428 autem
404 1366 501 1428 suerit
518 1365 703 1447 nitendum,
736 1368 889 1453 quoniam
910 1371 1059 1434 barbarae
1080 1374 1117 1451 (l.
1139 1394 1168 1440 e.

63 1470 221 1532 hebraeae
249 1469 459 1553 potissimum)
485 1467 705 1554 philosophiae
731 1471 818 1531 sures
854 1471 1003 1556 scriptura
1031 1472 1172 1540 Graecos
1233 1486 1239 1501 ‘

63 1571 126 1633 effe
150 1567 250 1647 dixit,
279 1581 315 1629 ut
334 1569 394 1630 hoc
414 1570 522 1654 paucis
543 1566 734 1631 ostendatur.
757 1582 759 1589 '
790 1570 864 1635 Non
884 1573 986 1635 solum
1009 1577 1096 1640 enirn
1115 1579 1172 1642 ille

62 1652 238 1747 miracula,
267 1689 349 1754 quae
371 1670 540 1730 hominum
554 1669 739 1753 opinionem
752 1672 916 1755 superant,
939 1677 1090 1762 escriptis
1105 1701 1172 1741 no·
1246 1662 1252 1668 ’

62 1774 133 1836 liris
145 1774 180 1835 in
192 1773 247 1833 sua
259 1771 332 1832 illos
342 1771 549 1848 transtulisse,
568 1768 621 1830 sed
636 1771 732 1832 etiam
742 1771 927 1857 principalia
937 1774 1075 1859 ipsorum
1087 1779 1171 1861 dog-
1202 1754 1212 1789 ⁸

60 1885 149 1937 meta
169 1870 246 1935 inde
262 1872 387 1954 sumpta
410 1916 441 1932 ..
465 1880 560 1953 atque
580 1871 619 1930 ab
638 1870 712 1955 ipsis
737 1870 914 1935 adulterata
935 1878 997 1937 esse
1019 1878 1172 1942 ostende-

60 1986 154 2051 mus,
175 1983 246 2033 tum
260 1970 385 2047 inillis,
409 1991 491 2054 quae
508 1970 548 2031 ad
564 1969 680 2050 fidem,
703 1983 772 2033 tum
786 1975 883 2033 etiarn
897 1974 930 2034 in
944 1975 1011 2052 his,
1037 2000 1117 2061 quae
1129 1979 1172 2043 ad

61 2072 266 2158 sapientiam,
289 2069 502 2149 cognitionem
518 2081 550 2131 et
563 2072 723 2134 scientiam
740 2073 881 2157 itemque
902 2072 941 2135 nd
962 2077 1097 2160 spernet
1115 2101 1173 2141 ca-
1255 2064 1265 2083 ’

12 2234 22 2253 ,
61 2175 219 2251 ritatem,
236 2183 274 2232 ut
287 2169 328 2232 ad
342 2171 573 2254 poenitentiam
593 2183 625 2234 et
644 2174 886 2253 continentiam,
915 2175 993 2260 quin
1014 2178 1111 2239 etiem
1131 2177 1172 2241 ud

61 2271 128 2337 Dei
142 2274 293 2336 timorem
309 2272 513 2356 pertinent;’‘
535 2270 596 2335 Str.
610 2271 669 2352 Vl,
687 2286 717 2351 8,
736 2276 821 2352 737).

147 2374 261 2459 Neque
278 2385 388 2435 tamen
406 2374 472 2434 sola
486 2372 636 2436 Clemens
650 2374 809 2436 nitebatur
822 2373 972 2459 scriptura
990 2377 1090 2457 sacra,
1113 2399 1174 2441 ea..

61 2495 126 2561 que
146 2486 217 2536 turn
230 2474 375 2553 Veteris,
402 2485 473 2536 turu
486 2473 571 2539 Novi
584 2471 622 2535 T.
643 2473 782 2551 („Fides
800 2477 888 2537 enim
910 2478 956 2539 est
975 2497 1017 2539 ex
1036 2480 1174 2564 propriis
1202 2502 1210 2517 ¹

60 2575 277 2656 testamentis,
305 2578 360 2637 vel
379 2575 487 2660 potius
500 2595 542 2636 ex
553 2575 757 2655 testamento,
787 2574 871 2661 quod
884 2580 930 2638 est
943 2599 1044 2639 uuum
1061 2578 1174 2644 diver-

61 2677 104 2741 sis
118 2678 345 2763 tenrporibus”
360 2676 422 2740 Str.
439 2674 514 2752 vtl,
531 2686 579 2753 17,
598 2681 691 2754 899),
712 2697 825 2738 verum
840 2678 938 2739 etiam
952 2677 1174 2745 traditione

63 2779 200 2842 eccles
203 2779 263 2840 ins
267 2780 356 2842 tica.
396 2765 601 2861 ’Ἀνθρωπος
617 2763 703 2838 εἶναι
720 2775 781 2838 τοῦ
799 2777 901 2852 θεοῦ,
934 2777 1082 2842 Clemens
1097 2779 1176 2843 di‘cit

62 2877 129 2942 Str.
144 2878 222 2956 vlt,
239 2892 287 2947 16.
310 2904 341 2965 p.
361 2891 438 2956 890,
460 2875 517 2939 καὶ
536 2869 657 2950 πιστὸς
670 2875 717 2959 τῷ
731 2873 834 2962 κυρίῳ
852 2874 1019 2959 διαμένειν
1034 2871 1176 2943 ἀπολώ-

62 2976 173 3054 λεκεν,
207 2968 226 3043 ὁ
255 2970 478 3052 ἇναλακτίσας
505 2972 565 3062 τὴν
596 2969 871 3064 ἐκκλησιαστικιξν
900 2971 1089 3063 παράδοσιν
1117 2978 1177 3043 καὶ

61 3069 320 3164 ἇποσκιροήσας
336 3075 386 3157 εἰς
407 3075 507 3156 δόξας
524 3070 684 3162 αἱρέσεων
697 3071 929 3162 ἀνθρωπίνων.
972 3081 1059 3143 Haec
1073 3080 1179 3145 tradi·-

62 3180 111 3243 tio
129 3183 220 3258 (vere
235 3181 367 3263 scilicet,
397 3202 473 3244 uem
492 3178 576 3263 „qui
595 3177 713 3262 impios
731 3179 890 3258 attingunt
910 3183 1071 3245 sermones
1086 3185 1180 3247 aliis-

63 3300 128 3368 que
141 3279 288 3360 tradunt,
316 3302 421 3369 neque
439 3280 546 3343 verbis
571 3275 688 3340 divinis
708 3289 812 3354 recte,
841 3276 896 3340 sed
913 3285 1057 3364 perverse
1076 3297 1181 3347 utun·

61 3392 131 3461 tur,
153 3402 259 3467 neque
272 3383 331 3469 ipfi
342 3383 377 3444 in
390 3400 527 3462 regnum
544 3380 708 3441 coelorum
719 3375 961 3460 ingrediuntur,
978 3405 1096 3470 neque
1112 3405 1180 3464 eos,

59 3502 142 3569 quos
156 3479 369 3567 deceperunt,
392 3484 498 3545 linunt
513 3479 632 3564 assequi
657 3480 836 3542 veritatem.
883 3478 948 3545 Sed
972 3506 1030 3548 nec
1047 3486 1106 3570 ipsi
1123 3487 1180 3546 in-

58 3583 177 3648 troitus
204 3584 328 3647 clavem
355 3583 526 3659 habentes,
559 3578 614 3640 sed
634 3580 744 3641 selsam
763 3578 940 3665 quandam,
970 3598 1021 3663 et,
1046 3597 1083 3645 ut
1103 3582 1181 3662 dicit

61 3683 275 3763 consuetudo,
298 3676 501 3758 ἀντικλεῖὁα,
523 3682 663 3742 aversam
677 3682 816 3761 clavem,
839 3703 896 3768 per
909 3705 1020 3770 quam,
1040 3704 1104 3745 non
1121 3702 1180 3744 re-

58 3784 169 3849 lexeto
189 3786 284 3864 velo,
313 3797 351 3847 ut
372 3806 430 3847 nos
448 3779 647 3863 ingredimur
665 3802 723 3867 per
742 3781 863 3845 domini
877 3783 1099 3853 traditionem,
1120 3780 1177 3846 sed
1232 3818 1235 3825 ·

59 3888 167 3951 exciso
188 3886 265 3950 ostio
286 3896 319 3946 et
338 3906 432 3947 muro
453 3882 602 3947 ecclesiae
623 3883 705 3944 clam
728 3883 865 3968 perfosso
883 3884 1051 3946 veritatem
1068 3892 1179 3944 treus-

60 3986 262 4069 gredientes,
285 3983 465 4049 efficiuntur
479 3981 640 4071 principes<
651 4002 687 4045 ac
699 3980 795 4046 duces
811 3985 1033 4064 mysteriorum
1049 3982 1179 4049 animae

59 4087 275 4175 impiorum.”
309 4084 371 4148 Str.
392 4084 468 4164 vu,
490 4097 540 4162 17,
563 4089 654 4164 897),
680 4084 757 4147 alibi
775 4078 880 4146 κανὼν
903 4076 1178 4165 ἑκκλησιαοτινὸς
1250 4112 1253 4117 ·

61 4189 141 4272 (Str.
156 4186 218 4271 VI,
235 4198 285 4272 15,
299 4197 379 4273 8035
398 4184 475 4268 vlt,
491 4196 541 4269 1⁵,
559 4189 654 4269 887),
667 4196 736 4250 tum
748 4196 867 4251 rectam
880 4182 1050 4269 scriptume
1061 4185 1084 4251 s.
1097 4186 1178 4252 sen·
