2572 4770
70 232 148 377 28d
395 260 485 385 cap
509 272 586 361 ΙΙΙ.
605 370 609 378 Ι
630 278 863 383 Dogmoticd:

70 498 115 543 ex
135 480 161 563 §-
175 482 225 544 ἕο.
247 485 299 543 st.
320 493 353 562 p.
368 480 429 541 466
444 473 508 559 lq.,
535 468 593 534 ubi
612 466 750 533 laudatis
763 462 1015 533 chomanorum
1028 468 1180 552 monins,

71 582 113 642 ab
126 579 327 642 ethnicorum
344 575 488 639 moribus
500 572 594 652 longe
608 567 812 632 distantibus:
840 564 905 646 „Si
921 569 1038 653 quis'’,
1059 570 1105 634 ait
1122 592 1180 635 eo-

70 676 148 741 dem
159 679 230 741 fere
242 674 357 757 modo,
386 694 450 761 quo
464 674 532 735 loco
544 672 609 749 jam
625 665 753 732 leu'dato
774 690 806 754 p.
821 674 900 747 446,
922 671 1032 748 „haec
1045 669 1176 734 candido

71 777 181 841 animo
196 771 349 857 audierit,
378 786 411 837 et
429 774 463 835 in
477 772 572 835 rebus
593 766 830 833 confiderandis
845 770 1017 833 veritatem
1035 772 1179 858 quaefie-

71 879 130 958 rit,
155 877 184 942 is
202 897 279 940 eum
297 873 504 938 admirabitur
509 890 519 944 3
548 869 604 955 qui
623 868 788 931 confilium
805 870 888 955 cepit
904 881 935 933 et
951 871 1105 957 perlicere
1119 894 1179 959 pn-

70 978 150 1057 tuit,
175 988 213 1039 ut
228 975 374 1038 eccleliae
387 973 450 1036 Dei
468 970 588 1057 ubique
610 970 760 1063 essentia
779 969 910 1051 lingulis
929 972 1060 1035 urbibus
1073 994 1179 1059 popu-

71 1078 178 1141 lorum
192 1077 333 1139 coetibus
346 1073 522 1136 immixtae.
538 1117 546 1134 .
563 1117 572 1133 .
612 1067 786 1149 Quaeram
798 1069 841 1131 ita
854 1072 1052 1149 rehabeant,
1074 1094 1178 1136 nonne

73 1196 215 1263 aequum
229 1178 292 1255 eft,
304 1167 451 1253 νομίζειν
463 1168 546 1257 περὶ
557 1167 618 1233 τοῦ
629 1161 740 1255 Ἰησοῦ
744 1215 755 1246 ,
776 1169 925 1235 τοσαῦτα
941 1173 1109 1255 συστῆσαι
1123 1170 1177 1237 de-

72 1269 271 1359 δυνημένου,
294 1268 347 1338 ὅτι
362 1265 420 1352 οὐχ
435 1261 611 1357 ἧτνχοῦσα
623 1262 748 1355 dedans
765 1259 803 1355 ἦν
818 1266 853 1335 la
865 1263 1001 1351 αὗτῶ”;
1025 1273 1178 1336 innume-

70 1377 116 1441 ris
133 1375 228 1455 locis,
256 1394 299 1436 ex
317 1374 434 1459 quibus
450 1371 486 1433 hi
503 1372 537 1432 in
563 1381 712 1456 promptu
735 1381 835 1434 erant.
884 1370 932 1435 Cf.
949 1371 1103 1453 Origenis
1121 1373 1180 1437 do-

71 1473 207 1537 ctrinam
224 1472 266 1536 de
281 1472 344 1537 Dei
367 1470 445 1534 titio.
497 1470 575 1534 Erat
597 1472 694 1552 igitur
711 1469 852 1535 Christus
872 1470 1042 1536 Deue'et
1064 1474 1177 1538 homo

71 1570 367 1659 (tepanc.1,2,1.
389 1590 421 1656 p.
440 1576 497 1648 5³3
525 1593 551 1634 c.
566 1569 644 1635 Cels.
658 1570 701 1650 ll,
720 1583 747 1637 8.
771 1594 802 1658 p.
817 1577 912 1654 391),
938 1572 1080 1661 ideoque
1099 1569 1178 1640 σύν-

70 1674 174 1748 θετος
186 1683 318 1735 vocatur
335 1674 378 1749 (c.
392 1666 472 1733 cett
488 1666 531 1749 H,
548 1681 597 1736 16.
621 1692 652 1757 p.
670 1676 756 1752 403).
825 1758 829 1763 .
1182 1756 1186 1762 ¹

165 1771 317 1837 Jamvero
331 1769 511 1856 quaeritur,
538 1791 613 1856 qua
633 1772 709 1834 libi
730 1774 893 1838 ratione
912 1770 1079 1839 divinae
1098 1777 1177 1845 hu-

68 1892 290 1959 manaeque
311 1882 480 1935 naturae
501 1872 835 1948 conjunctionem
856 1877 990 1937 noster
1016 1878 1176 1958 cogita-

68 1971 185 2037 verit.
228 1971 440 2037 Difficultates
454 1970 551 2049 hujus
566 1973 754 2057 quaestionis
770 1972 857 2037 baud
869 1975 1041 2056 ignorabat.
1090 1977 1177 2042 Facit

68 2074 159 2139 enim
175 2069 218 2136 de
235 2074 334 2159 prino.
348 2071 390 2145 Il,
411 2083 442 2149 6,
463 2084 491 2137 1.
509 2085 539 2139 2.
571 2095 602 2159 p.
626 2086 664 2141 89
683 2076 726 2160 iq.
748 2077 862 2137 haecce
881 2076 1042 2161 praeclara
1061 2082 1177 2143 verba:

67 2175 156 2237 ”liis
178 2172 275 2235 matis
295 2194 331 2236 ac
356 2172 473 2234 talibus
492 2169 532 2234 de
552 2184 667 2236 natura
684 2174 744 2236 filii
763 2174 826 2237 Dei
849 2174 1067 2257 confideretis,
1104 2200 1178 2244 cum

68 2278 192 2341 turnma
205 2271 416 2335 admiratione
425 2271 686 2358 obstupescimus,
703 2273 789 2358 quod
802 2278 947 2340 eminens
959 2280 1106 2342 omnium
1121 2283 1177 2346 ina

68 2387 181 2440 natura
192 2374 380 2435 exinaniens
394 2372 426 2432 ie
440 2368 482 2432 de
494 2371 573 2436 ltatu
589 2374 758 2452 majestatis
771 2376 843 2439 suae
857 2378 954 2439 homo
973 2383 1076 2445 factus
1090 2384 1131 2447 lit
1145 2396 1179 2449 et

67 2475 152 2545 inter
164 2472 311 2535 homines
323 2472 539 2550 conversatus,
567 2473 644 2534 licut
658 2474 757 2551 gratia
774 2477 865 2539 labiis
878 2482 946 2557 ejus
959 2480 1063 2542 intuta
1077 2486 1177 2546 telta-

67 2588 138 2655 tur,
159 2583 193 2637 et
203 2573 281 2634 licut
295 2570 512 2633 teltimonium
530 2571 561 2634 ei
573 2568 679 2632 reddit
693 2586 781 2658 pater
795 2578 955 2654 coelestis,
982 2593 1015 2643 et
1030 2594 1067 2644 ut
1080 2584 1176 2664 lignis

68 2694 197 2764 quoque
215 2684 249 2737 et
266 2669 418 2758 prodigiis
433 2671 530 2732 variis
543 2670 774 2757 virtutibusque
788 2677 827 2736 ab
842 2696 881 2738 eo
895 2678 987 2757 gestis
1002 2684 1176 2747 coufirma-

66 2789 181 2843 tur...
230 2773 282 2837 Ex
299 2772 448 2834 omnibus
467 2769 507 2833 de
527 2790 566 2833 eo
586 2773 747 2836 miraculis
773 2786 806 2836 et
829 2780 1073 2856 magnificentiis
1093 2784 1175 2850 illud

29 2948 33 2955 ,
65 2878 194 2967 penitus
212 2873 457 2939 admirationem
478 2873 638 2934 humanae
657 2875 774 2937 mentis
797 2876 938 2954 excedit,
971 2901 1030 2943 nec
1050 2883 1175 2950 invenit

62 2977 208 3044 mortalit
219 2973 452 3059 intelligentiae
466 2972 637 3053 fragilitas,
667 2974 828 3060 quomodo
847 2980 961 3041 sentire
977 2983 1031 3043 vel
1047 2983 1173 3047 intelli-

64 3098 141 3161 gere
155 3077 263 3164 poffit,
285 3073 372 3161 quod
388 3085 476 3137 tanta
488 3074 542 3139 illa
557 3076 700 3161 potentia
714 3075 842 3140 divinae
854 3084 1041 3163 majestatis,
1068 3085 1173 3171 iprum

63 3175 146 3243 illud
166 3177 300 3238 verbum
321 3176 419 3261 patrie
440 3187 536 3261 etqua
558 3176 623 3260 ipsa
642 3178 794 3262 sapientia
812 3177 893 3259 Dei,
929 3183 964 3244 in
984 3205 1046 3270 qua
1068 3201 1171 3251 creata

62 3283 135 3344 tunt
148 3278 256 3340 omnia
270 3276 404 3337 vifibilia
418 3285 452 3337 et
465 3277 651 3355 invifibilin,
672 3279 755 3340 intra
771 3280 1090 3371 circumscriptionem
1102 3295 1170 3371 ejus

61 3378 219 3457 hominis,
234 3376 288 3462 qui
303 3377 448 3460 apparuit
458 3375 638 3455 inJudaea,
659 3378 915 3443 fuislecredenda
927 3385 981 3465 fit3
1003 3386 1059 3449 led
1071 3401 1104 3452 et
1116 3392 1170 3453 in-

61 3482 163 3564 grella
182 3476 244 3541 effe
258 3475 320 3539 Dei
338 3478 490 3562 sapientia
509 3478 641 3539 vulvam
659 3479 798 3541 feminae
814 3495 847 3542 at
865 3485 947 3545 nasci
963 3491 1119 3570 parvulus
1138 3502 1169 3554 et

59 3583 204 3664 vagitum
224 3578 370 3642 emittere
392 3576 432 3639 ad
453 3577 694 3641 limilitudinem
718 3582 910 3665 plorantium
927 3589 1168 3671 parvulorum..

60 3682 144 3748 Cum
161 3681 197 3743 in
216 3699 255 3743 eo
277 3675 433 3765 quaedam
455 3679 500 3740 ita
522 3677 689 3741 videamus
708 3680 866 3762 humana,
894 3696 931 3745 ut
949 3686 1030 3747 nihil
1045 3708 1064 3749 a
1077 3711 1168 3753 com-

58 3782 152 3846 muni
164 3779 346 3844 mortalium
360 3778 529 3859 fragilitate
542 3778 654 3843 distare
667 3778 853 3862 videantur,
882 3784 1039 3870 quaedam
1054 3791 1099 3853 ita
1115 3790 1168 3855 di-

58 3884 153 3964 vina,
181 3893 218 3944 ut
235 3881 316 3943 nulli
336 3880 390 3942 alii
410 3881 469 3942 nili
486 3880 535 3940 illi
547 3882 669 3965 primae
685 3893 716 3943 et
730 3883 881 3945 ineffabili
897 3899 1029 3951 naturae
1043 3914 1166 3956 conve-

58 3981 150 4043 niant
166 3980 309 4061 deitatis,
337 3980 449 4043 haeret
469 3981 601 4042 humani
619 3983 799 4046 intellectus
823 3986 978 4065 angustia,
1008 4002 1041 4052 et
1060 4004 1166 4056 tantae

58 4077 276 4144 admirationis
290 4084 414 4169 ltupore
428 4083 569 4168 perculsa
585 4104 648 4169 quo
664 4082 818 4165 declinet,
833 4086 910 4172 quid
924 4099 1042 4169 teneat,
1059 4098 1164 4179 quola

58 4191 236 4264 contenet,
255 4181 391 4264 ignorat.
433 4182 469 4250 si
480 4182 589 4251 Deum
603 4185 732 4268 laudat,
749 4188 920 4254 mortalem
932 4188 1040 4279 videt3
1061 4196 1162 4262 fiho-

16 4330 26 4351 .
