2572 4770
119 288 196 361 4³0
489 272 577 367 Cap.
604 268 673 340 W.
724 243 873 340 Etbieu.¹
926 340 933 353 κ

122 468 209 545 ejus,
237 454 279 522 sic
296 468 328 519 et
350 450 384 518 in
407 454 462 534 iis,
487 472 569 540 quae
589 449 739 539 patiendo
754 452 881 514 sortiter
896 453 1004 534 gestit,
1032 458 1242 545 partemha-

121 567 239 638 beant3
269 559 353 620 inter
373 576 453 641 quae
468 556 607 617 facinora
624 563 656 615 et
671 551 750 614 illud
766 555 810 615 est
824 553 1034 641 triumphasse
1047 560 1243 646 principatus

123 677 157 728 et
187 661 379 747 potestates,
425 677 505 741 quos
534 655 623 733 brevi
651 657 752 720 victos
785 664 817 714 et
848 653 1027 721 debellatos
1055 659 1243 724 videbitis.”

90 826 100 843 ι
125 763 281 844 Quocirca
308 756 404 817 etiarn
433 753 465 816 iu
489 756 553 815 rita
576 769 701 816 aeterua
728 766 883 833 martyres
903 762 1076 841 praeclaris
1095 765 1243 844 praemiis

123 864 303 930 afficientur
326 859 384 935 (u.
410 850 445 920 ιε
462 856 502 938 tq.
524 876 553 939 p.
573 843 632 922 aar
649 861 716 941 sq).
765 856 869 919 uerno
890 861 988 940 igitur
1007 863 1040 922 u
1067 863 1154 923 vaae
1176 861 1242 946 ars-

124 967 258 1030 crimine
276 959 373 1020 sideru
391 956 512 1019 Christo
528 953 660 1019 domiuo
677 955 783 1018 datam
799 959 898 1020 saliet.
944 960 1005 1037 „ls
1018 961 1171 1046 quidem,
1191 965 1241 1050 qui

29 1060 32 1073 '
124 1068 269 1150 aliquem·
281 1059 448 1121 confitetur
468 1057 523 1133 (ib.
544 1071 590 1119 10.
613 1079 645 1141 p.
662 1061 756 1136 230),
779 1077 817 1116 eo
834 1061 974 1121 maxime
989 1075 1159 1146 tempore,
1183 1087 1240 1149 quo

124 1166 166 1228 de
191 1161 254 1223 srde
275 1159 445 1242 inquiritur
471 1155 726 1241 adhibeaturque
752 1168 925 1237 tormenta,
964 1150 1192 1228 ctrrnrriis'cetur
1212 1180 1241 1229 et

122 1265 234 1327 unitur
250 1261 280 1320 ei
294 1279 389 1344 quem
408 1258 591 1333 confitetur3
615 1258 759 1340 quivero
778 1269 886 1336 negat,
908 1260 972 1342 ipsa
990 1266 1167 1342 negatione
1181 1271 1240 1346 sua,

123 1363 211 1450 quast
231 1333 322 1420 abuto
346 1358 482 1444 quodam
504 1356 627 1437 gladio,
657 1359 696 1431 ab
717 1359 772 1416 ilto
793 1375 888 1441 quern
912 1373 1004 1440 negat
1029 1363 1192 1430 dividitur
1211 1383 1242 1431 et

123 1459 320 1549 separatur.’'
375 1458 522 1537 „lugens
542 1456 599 1555 (ib.
625 1470 672 1522 18.
697 1480 728 1544 p.
747 1463 823 1537 788)
847 1475 1041 1526 convocatur
1064 1488 1184 1531 corona
1204 1470 1243 1533 ad

122 1558 328 1649 spectandum
341 1571 501 1619 certarnen
516 1561 670 1637 vestrum,
694 1581 764 1620 curn
782 1559 821 1619 ad
835 1564 1020 1640 martyrium
1037 1571 1214 1633 vocamini.
1233 1637 1240 1652 ⁸

122 1659 266 1728 Mundus
281 1658 443 1719 universus
464 1670 496 1719 et
515 1679 628 1721 ornnes
642 1661 745 1739 angeli
761 1660 864 1722 dextri
883 1663 1059 1749 sinistrique
1079 1682 1115 1729 et
1132 1690 1243 1736 omnen

121 1763 291 1837 homines,
320 1771 353 1821 et
373 1761 427 1844 qui
446 1780 464 1820 a
483 1758 545 1821 Dei
566 1763 707 1845 partibus
727 1775 760 1823 et
782 1762 836 1846 qui
858 1783 876 1823 a
897 1764 1029 1848 reliquis
1049 1770 1154 1849 stant,
1183 1792 1244 1835 ve-

121 1868 220 1929 strum
234 1861 365 1924 audient
378 1883 439 1945 pro.
448 1862 611 1923 christiana
625 1865 779 1944 reiigione
797 1876 972 1943 certamen,
993 1880 1027 1930 et
1046 1871 1151 1933 resin
1168 1896 1244 1937 coe-

15 2046 32 2059 .
122 1967 164 2028 lis
177 1964 283 2045 angeli
298 1965 390 2047 super
405 1963 494 2022 vobis
509 1961 708 2041 gaudebuut,
726 2013 734 2028 .
752 2012 759 2026 .
779 1966 848 2042 vei,
876 1965 961 2051 quod
974 1970 1069 2048 ttbfit,
1095 1973 1242 2040 inferunt

123 2088 206 2153 quae
229 2065 323 2141 malis
350 2061 548 2124 delectantur
578 2065 748 2146 potestates
772 2067 1008 2132 laetabtrntur.'’
1070 2071 1173 2151 „Nec
1206 2100 1242 2141 eo

79 2232 93 2257 n
121 2179 248 2229 tantum
270 2166 327 2243 (ib.
351 2173 400 2228 36.
427 2185 458 2249 p.
475 2164 550 2241 297)
578 2163 762 2226 certandum
788 2170 833 2229 est
857 2186 898 2229 ne
917 2188 1090 2251 negemus,
1129 2177 1184 2240 sed
1203 2201 1242 2242 no

123 2269 255 2332 omuino
279 2267 516 2341 erubescamus,
543 2285 614 2325 curu
628 2263 690 2326 Dei
713 2269 817 2328 hostes
833 2269 936 2353 turpia
953 2273 1018 2355 pati
1042 2296 1106 2338 nos
1128 2280 1242 2342 existi.

121 2368 249 2440 mant.’'
297 2366 384 2430 Nihil
404 2358 464 2426 nuos
479 2365 662 2448 probibeat,
686 2369 855 2451 quominus
870 2368 967 2431 iidem
986 2369 1115 2437 Christo
1131 2381 1241 2445 serre-

120 2491 204 2534 mus.
256 2467 436 2546 „Animam
451 2465 631 2543 vestraru”,
660 2467 822 2552 inquitib.
842 2480 891 2537 37.
914 2496 944 2559 p.
963 2486 1042 2553 299,
1073 2481 1238 2557 „ficodjo

120 2572 255 2645 habete,
279 2577 314 2626 ut
330 2586 400 2626 earn
414 2587 472 2649 per
487 2564 597 2626 odium
613 2566 645 2626 in
660 2569 760 2630 vitam
776 2585 937 2636 aeternam
951 2576 1155 2661 cus'tudiatis3
1185 2587 1239 2669 qui

121 2670 209 2733 enirn
228 2665 295 2729 odit
306 2667 456 2727 animam
477 2667 584 2743 suurn,
621 2664 712 2746 dicit,
746 2671 780 2731 iu
800 2673 898 2735 vitam
916 2688 1082 2741 aeternam
1103 2685 1238 2749 custodit

119 2791 204 2834 earn.
260 2768 414 2830 Animam
441 2787 515 2844 ergo
538 2779 667 2851 propter
694 2772 793 2833 vitarn
822 2785 982 2839 aeternam
1009 2778 1086 2842 odio
1107 2782 1235 2868 habete,

117 2873 239 2935 bonum
263 2881 296 2930 et
316 2852 394 2929 utile
414 2865 523 2929 odium
544 2870 724 2952 persuasum
745 2872 899 2938 habentes
917 2877 1001 2963 quod
1019 2880 1112 2946 Jesus
1131 2886 1234 2953 docet

116 2969 347 3046 Sicutautem,
377 2980 412 3031 ut
428 2970 461 3029 iu
482 2969 583 3031 vitam
603 2983 770 3035 aeternam
785 2975 993 3056 custodiatur,
1027 2984 1138 3046 aui'rna
1159 2988 1234 3051 odio

116 3070 209 3134 nobis
232 3067 378 3130 habenda
397 3072 457 3148 est,
487 3069 528 3131 fic
551 3091 686 3134 uxorem
705 3086 737 3135 'et
755 3075 874 3138 liberos
888 3090 919 3149 et
930 3080 1045 3142 fratres
1060 3095 1094 3144 et
1109 3086 1233 3152 sorores

91 3238 96 3255 ‚
115 3171 191 3234 odio
203 3172 320 3232 habeto
335 3181 370 3232 tu
385 3172 440 3256 qui
453 3172 531 3232 baec
547 3171 664 3250 babes,
685 3185 722 3236 ut
739 3175 779 3237 iis
793 3197 872 3260 quos
884 3177 988 3243 oderis
1006 3179 1095 3245 utitis
1110 3186 1169 3265 sis,
1193 3210 1231 3252 eo

113 3273 180 3360 ipso
200 3269 286 3358 quod
307 3269 381 3331 odio
401 3293 440 3332 eo
462 3271 627 3350 habueris,
655 3288 780 3360 accepta
800 3278 883 3338 bene
907 3281 954 3361 eis
975 3281 1117 3345 faciendi
1132 3301 1232 3373 pote-

112 3379 208 3454 state,
230 3374 293 3437 Dei
305 3374 421 3435 scilicet
435 3374 554 3435 amicus
567 3376 678 3436 sactus.
688 3372 713 3407 '”
749 3378 860 3461 Neque
878 3381 963 3441 enirn
981 3382 1086 3447 solum
1099 3403 1232 3472 marty-

110 3481 153 3543 rii
179 3480 299 3540 facturn
325 3474 456 3550 sussicit3
492 3475 600 3554 magui
625 3496 751 3563 quoque
777 3482 889 3559 refert,
925 3505 986 3566 qua
1011 3487 1084 3570 quis
1103 3492 1231 3554 ratione

111 3591 251 3643 mortem
271 3598 328 3662 pro
351 3572 414 3634 fide
435 3574 554 3635 subeat.
604 3576 706 3653 „Non
725 3593 871 3664 apertura
890 3583 987 3646 modo
1008 3591 1229 3667 martyriurn”

113 3681 170 3760 (ib.
187 3692 238 3744 21.
265 3700 295 3761 p.
310 3678 387 3754 287)
409 3709 453 3720 -
472 3674 591 3751 gloriae
613 3679 703 3738 causa
719 3713 777 3758 —,
810 3678 891 3758 „sed
916 3695 948 3744 et
967 3688 1129 3757 occuitum
1149 3713 1230 3777 per.

90 3778 193 3840 'secte
220 3777 378 3861 suscipere
409 3773 676 3841 contendamus.’'
728 3778 840 3865 Neque
867 3782 1085 3850 accedendum
1109 3795 1158 3854 est
1187 3793 1230 3858 ad

109 3879 299 3957 martyrium
317 3877 443 3953 invitis,
467 3895 524 3937 uec
539 3879 768 3943 reluctantibus
784 3883 840 3958 (ib,
857 3894 886 3947 3.
909 3907 940 3968 p.
956 3891 1052 3966 275),
1082 3891 1139 3952 sed
1156 3896 1230 3958 ata.

110 3981 215 4042 eribus
235 3979 292 4057 (ib.
309 3989 358 4043 39.
380 4000 412 4063 p.
427 3980 515 4055 299).
567 3978 676 4055 „Curu
697 3981 812 4060 gaudio
831 3985 1030 4071 suscipienda
1051 3992 1097 4051 est
1113 3998 1228 4081 rapine

107 4078 293 4146 bonorum'’
315 4081 370 4159 (ib.
385 4087 436 4142 tt.
459 4085 489 4163 p'.
506 4084 590 4158 308).
639 4083 796 4158 „Utinam
818 4086 875 4160 (it.
897 4092 925 4148 4.
948 4109 979 4172 p.
999 4094 1077 4168 276)
1096 4115 1228 4182 nequa-

108 4198 205 4265 quam
225 4181 372 4243 turbetur
391 4180 524 4265 anima„
549 4177 604 4242 sed
623 4193 697 4246 ante
716 4184 990 4270 ipsatribunalia,
1020 4205 1098 4256 ente
1117 4197 1225 4264 nudos
