2572 4770
12 279 15 285 ⁴
104 276 181 344 ,aa
210 212 215 223 '⁵
514 268 601 363 cap.
622 254 660 341 t.
711 215 859 344 uratia.

130 447 296 516 mdcbinaa
322 458 356 512 et
380 444 643 537 pbilosophorum
664 449 813 533 dogmata
840 471 943 538 usque
966 448 1008 515 ad
1033 443 1248 515 fundamenta

131 550 257 637 dejecit.
266 554 314 632 „).
343 547 479 614 vDeXII
490 553 779 638 epistolisPauliuis
794 555 960 636 (omuibus
973 563 1100 638 praeter
1114 571 1188 638 epp.
1203 551 1248 616 ad

130 653 269 720 Philam.
282 664 315 716 et
327 654 440 732 Hebr.)
458 664 507 717 tot
517 655 667 736 Origeuia
682 653 765 718 dicta
777 657 947 734 testantur,
973 665 1010 716 ut
1022 651 1145 733 singula
1156 672 1246 714 enu-

128 776 254 827 merare
268 759 498 843 supervacuum
513 756 616 835 s1t<cs.
636 756 728 820 Tom.
743 757 785 821 V.
799 754 835 818 in
847 755 919 819 Job.
933 752 1018 840 apud
1030 754 1147 818 Euseb.
1162 755 1196 818 b.
1212 775 1242 820 e.

128 853 192 935 vl,
208 868 268 923 25:
299 856 379 936 ,‚Ia,
409 877 506 942 quern
520 856 610 921 Deua
630 856 784 921 idoneum
798 853 955 936 reddidit,
983 855 1040 943 qui
1054 857 1132 919 novi
1144 858 1246 919 telta-

129 959 234 1024 manti
252 959 395 1021 minister
413 960 506 1034 esset,
540 979 606 1021 non
621 958 715 1021 litera
728 971 761 1020 et
775 959 883 1020 verbis
900 970 1015 1037 tenua,
1042 954 1098 1018 sed
1116 958 1244 1042 spiritua

130 1061 247 1149 ipsine,
262 1093 305 1109 -
328 1049 368 1122 οὔ
382 1049 593 1144 γράμματος,
611 1051 697 1122 ἀλλὰ
708 1045 907 1139 πνεύματος,
918 1094 962 1107 -
982 1056 1100 1122 Paulus
1116 1058 1243 1139 scilicet,

130 1162 187 1249 qui
203 1162 242 1223 ab
248 1159 479 1242 Hierosolymis
494 1173 527 1223 at
540 1158 685 1223 finitimis
699 1158 779 1221 locis
795 1179 896 1245 usque
909 1157 950 1221 ad
958 1158 1123 1240 Illyricum
1137 1180 1246 1223 evan-

129 1265 253 1349 gelium
279 1260 484 1348 adimplevit,
517 1281 583 1324 non
613 1258 763 1324 omnibus
777 1260 939 1341 ecclesiia,
976 1280 1056 1346 quas
1082 1258 1244 1343 docuerat,
1279 1281 1282 1291 ’

130 1364 266 1449 scripsit,
294 1360 348 1424 sed
369 1374 402 1425 et
423 1363 481 1442 iia,
514 1362 629 1449 quibus
647 1360 783 1446 scripsit,
811 1381 928 1447 paucas
947 1359 1124 1424 admodum
1141 1364 1245 1428 linear

130 1454 331 1542 eraravit’');
352 1475 517 1548 praeterea
533 1461 631 1525 etiam
646 1459 914 1526 adeilemonem
926 1461 1164 1549 epistolaI'aulo
1179 1463 1245 1528 ad-

130 1564 274 1631 scribitur
293 1563 405 1625 bomil.
427 1561 512 1626 x1x
532 1563 567 1625 in
587 1563 705 1626 ierem.
730 1567 753 1646 s.
770 1576 798 1629 2.
829 1563 893 1626 vol.
916 1561 976 1640 111,
1001 1573 1073 1631 tos.
1121 1562 1244 1650 Restat,

129 1664 339 1746 morigeris
368 1663 416 1727 de
438 1664 614 1750 epistola
635 1662 684 1725 ad
704 1664 916 1727 Hebraeos
942 1663 1132 1730 sententium
1156 1689 1245 1754 pan-

130 1768 177 1833 cio
191 1786 399 1852 exponamus.
451 1764 490 1829 In
513 1765 647 1829 homilia
668 1768 702 1827 in
723 1786 773 1851 ep.
789 1763 830 1826 ad
842 1765 938 1827 Hebr.
954 1763 1112 1846 Origenes
1126 1770 1243 1832 secun-

131 1867 212 1932 dum
229 1866 399 1933 Eusebium
419 1867 440 1928 1.
455 1867 475 1929 l.
489 1868 567 1929 baec
593 1862 691 1928 dixit:
721 1866 860 1946 „Stylus
882 1866 1049 1951 epistolae,
1082 1890 1165 1955 quae
1185 1871 1242 1935 in-

129 1971 273 2036 scribitur
292 1965 333 2029 ad
355 1967 535 2046 Hebraeos,
571 1979 657 2030 caret
683 1969 739 2030 illa
766 1968 919 2029 sermonis
941 1968 1131 2047 rusticitate,
1159 1992 1242 2058 quae

127 2070 258 2159 propria
273 2071 319 2132 est
331 2067 480 2155 apostoli,
508 2069 627 2155 quippe
648 2070 703 2155 qni
720 2066 835 2131 rudem
854 2081 948 2154 atqua
975 2067 1162 2154 imperitum
1176 2074 1242 2136 sese

130 2174 321 2237 confiteatur
344 2171 380 2231 in
400 2172 563 2247 sermone,
596 2169 631 2230 id
658 2173 704 2231 est
724 2167 879 2230 informa
900 2188 936 2229 ac
957 2168 1080 2233 ratione
1102 2166 1241 2239 dicendi.

128 2275 255 2338 Verum
274 2270 403 2354 epistola
425 2270 481 2330 illa
502 2269 537 2329 in
549 2271 721 2330 verborum
735 2267 962 2355 compositione
974 2272 1130 2351 majorem
1142 2292 1244 2360 prae·-

129 2376 192 2437 sert
206 2369 309 2453 graeci
323 2367 476 2431 sermonis
489 2369 697 2447 elegantiam,
725 2381 762 2430 ut
779 2369 929 2432 fatebitur
947 2372 1090 2459 quiaquia
1110 2370 1151 2440 de
1168 2377 1243 2460 ttylt

33 2528 44 2553 ,
130 2470 308 2536 differentia
323 2467 425 2555 perite
439 2465 579 2546 judicare
592 2471 711 2553 potest;
738 2480 771 2532 et
790 2481 954 2553 praeterea
971 2471 1142 2540 sententiaa
1158 2498 1243 2542 cou-

15 2558 32 2582 ”
127 2575 213 2639 tinet
225 2569 447 2646 admirabiles,
474 2587 533 2631 nec
554 2567 674 2654 scriptis
694 2571 871 2655 apostolicis
888 2566 1074 2656 inferiorem
1095 2586 1192 2666 atque
1206 2578 1242 2645 id

127 2674 326 2741 verissimum
347 2672 410 2733 esse
432 2671 655 2750 assentientur,
691 2668 871 2758 quicunque
894 2677 1107 2760 apostolorum
1128 2677 1242 2767 scriptu

127 2786 250 2841 attente
265 2771 466 2858 perlegerint.
482 2818 514 2835 ..
565 2770 633 2852 Ego
653 2793 730 2833 vero
749 2772 793 2834 ita
815 2777 946 2838 censeo:
972 2776 1144 2844 sententiaa
1163 2783 1242 2868 qui-

88 2932 95 2947 ,
129 2875 205 2940 dem
225 2874 307 2960 ipsae
328 2873 461 2960 apostoli
481 2875 560 2952 esse,
601 2869 774 2936 dictionem
795 2886 902 2935 autem
926 2889 959 2938 et
977 2878 1243 2964 compositionem

126 2978 301 3041 verborum
321 2977 384 3037 esse
404 2975 534 3037 alterius
553 2972 732 3053 cujusdam,
762 2973 817 3059 qui
837 2972 921 3037 dicta
939 2975 1072 3062 apostoli
1093 2999 1241 3047 comme-

126 3098 273 3157 morare,
300 3087 333 3138 et
352 3076 440 3162 quasi
457 3075 491 3137 in
508 3075 751 3138 commentarios
767 3072 911 3154 redigere
923 3081 1062 3142 voluerit
1079 3101 1136 3162 ea,
1157 3103 1260 3170 quae,

125 3200 147 3244 a
158 3176 498 3259 magistroaudiverat.
541 3174 679 3243 Proinde
693 3176 718 3237 fi
732 3194 812 3260 quae
827 3180 955 3242 ecclesia
970 3179 1052 3243 banc
1072 3184 1240 3268 epistolam

124 3303 185 3371 pro
196 3282 328 3345 Paulina
345 3280 458 3358 babet,
482 3296 521 3342 eo
535 3273 834 3342 uominelaudetur.
881 3277 994 3366 Neque
1015 3282 1103 3347 enim
1117 3296 1240 3351 temera

124 3385 263 3462 maiores
275 3402 348 3443 eam
360 3379 451 3443 Pauli
464 3383 526 3443 esse
540 3377 748 3443 tradiderunt.
799 3377 882 3458 Quis
899 3393 1007 3443 autem
1022 3404 1134 3449 revera
1147 3388 1240 3452 illam

125 3480 296 3571 scripserit,
316 3480 373 3543 soli
389 3480 460 3543 Deo
476 3493 591 3545 notum
603 3483 666 3542 esse
678 3479 811 3566 opinor;
829 3479 884 3543 sed
895 3481 1078 3567 scriptores,
1101 3504 1240 3572 quonum

115 3592 335 3650 monumenta
351 3579 393 3643 ad
406 3602 465 3644 nos
486 3601 587 3668 neque
604 3593 834 3666 pervenerunt,
859 3579 975 3668 partim
990 3584 1150 3650 Clementi
1164 3589 1239 3654 Ro-

125 3707 242 3755 manae
265 3683 353 3747 urbia
380 3680 525 3768 episcopo
555 3702 628 3744 eam
657 3679 852 3762 adscribunt,
884 3680 1000 3768 partim
1024 3682 1152 3771 Lucae,
1182 3688 1239 3778 qui

117 3789 330 3871 ,evangelium
344 3794 377 3848 et
389 3793 476 3845 actus
489 3782 702 3869 apostolorum
719 3782 819 3848 literIa
841 3785 991 3870 prodidit.
1000 3784 1020 3820 ”
1067 3787 1236 3873 Attamen,

125 3893 218 3978 priva
233 3887 385 3977 opinione
398 3885 505 3964 missa,
526 3884 561 3946 in
573 3882 693 3969 scriptia
705 3880 874 3947 Paulinam
884 3885 968 3950 hanc
988 3887 1154 3976 epistolam
1172 3914 1238 3958 no-

125 3993 251 4055 minare
271 4011 335 4054 non
356 3984 495 4064 dubitat,
527 4005 558 4048 v.
583 4008 608 4049 c.
631 3985 754 4051 comm.
777 3985 811 4048 iu
832 3983 904 4050 Job.
925 3987 963 4051 Τ.
981 3988 1006 4052 Ι.
1028 3995 1165 4076 praefat.
1185 3990 1236 4059 ed.

125 4091 225 4155 fluet.
235 4091 278 4171 ss,
297 4102 324 4158 5.
337 4089 382 4172 E;
406 4087 528 4152 Comm.
544 4086 578 4148 in
591 4086 662 4151 Joh.
678 4084 770 4151 Tom.
786 4087 827 4152 IL
850 4092 914 4152 vol.
931 4089 989 4170 IV,
1007 4102 1046 4157 60
1063 4096 1237 4181 (ap.Huet.

124 4189 170 4276 11,
189 4194 252 4272 67).
274 4199 353 4277 1743
387 4189 518 4276 epistola
538 4182 580 4252 ad
599 4187 788 4261 Africanum
810 4191 874 4255 vol.
893 4188 921 4271 1,
944 4204 993 4259 19.
1016 4197 1238 4280 aboriginum
