2572 4770
78 239 86 262 ¹
132 226 180 297 64
437 224 524 318 Cap.
548 223 601 297 lt.
650 221 935 293 Hermeaeutioa.

131 398 257 486 σμένον
271 398 344 476 τοῖς
359 398 524 483 πολλοῖς).
540 450 572 468 ..
628 402 790 469 Pontificis
813 414 922 468 autern
946 396 1041 464 restis
1064 397 1177 463 talaris
1189 397 1244 465 'ott

130 505 311 586 symbolum
339 503 468 578 mundi,
499 506 553 591 qui
577 506 718 569 externis
742 508 881 571 sensibus
904 504 1075 592 percipitur
1098 492 1244 581 (κόσμου

131 599 223 669 dulit
247 595 416 687 αἰσθητοῦ
439 596 690 684 σύμβολον)...
752 605 907 669 Trecenta
937 604 1100 684 sexaginta
1122 603 1243 665 tintin-

130 705 267 782 nabula,
302 724 384 790 qnae
404 704 547 789 pendent
567 726 586 767 n
605 707 693 768 veste
709 707 819 787 talari,
851 711 922 774 sunt
937 718 1066 790 tempus
1083 724 1241 784 annuum,

131 824 235 867 annus
255 802 377 866 domini
396 819 542 893 acceptus
558 807 746 894 praedicans
763 794 804 870 'etr
814 812 962 871 resonans
979 805 1162 868 maximum
1175 802 1244 866 ad-

125 918 267 968 'ventum
279 908 454 970 servatoris.
504 906 690 986 Quinetiam
709 909 806 993 pillus
828 930 958 986 aureus,
986 906 1041 993 qui
1060 906 1107 966 est
1117 916 1244 967 exten·-

130 1006 199 1083 sus‚
208 1006 363 1085 significat
374 1009 513 1085 regalem
526 1006 649 1071 domini
664 1011 859 1095 potestatem.
868 1010 891 1043 ’'
913 1009 955 1071 lit
967 1009 1007 1069 fic
1019 1027 1125 1091 porro.
1157 1003 1243 1068 Prn-

129 1105 281 1171 lixiorem
292 1107 475 1186 allegoriam
488 1109 759 1174 inveniesStrom.
772 1109 799 1186 Ι,
818 1122 847 1188 5,
862 1120 933 1187 838,
946 1109 1002 1169 ubi
1010 1107 1160 1170 Clemens
1169 1105 1242 1190 (qui

129 1203 192 1272 hec
206 1207 274 1268 loco
286 1208 456 1270 nonnullas
467 1209 742 1295 interpretationes
748 1209 954 1273 Philonianas
964 1204 1087 1284 laudat)
1095 1204 1243 1286 ostendit,

130 1306 344 1373 Christianum
363 1309 582 1395 philosophiae
603 1315 786 1397 artibusque
808 1311 993 1372 liberalibus
1016 1326 1149 1392 operam
1167 1303 1243 1370 dare

128 1419 289 1495 oportere,
302 1421 473 1497 antequam
486 1414 657 1498 sapientiae
671 1412 798 1474 divinae
809 1424 912 1473 totum
924 1412 986 1472 sese
999 1405 1105 1471 dedat.
1131 1406 1245 1470 Abra-

128 1504 265 1573 bamum
278 1530 396 1596 nempe
408 1516 515 1576 statuit
528 1518 591 1577 eise
604 1515 775 1594 imaginem
791 1511 957 1576 Christiani
969 1508 1117 1596 perlecti,
1131 1506 1245 1572 sarm

130 1606 304 1689 imaginem
326 1614 511 1677 christianae
529 1617 717 1702 sapientiae,
753 1609 1049 1697 Agarermdenique
1069 1608 1245 1688 imaginem

129 1707 350 1795 philosophiae
365 1715 416 1777 seu
429 1718 599 1802 sapientiae
613 1718 783 1778 humanae.
814 1713 1018 1776 Abrahamus
1030 1707 1085 1771 diu
1099 1709 1134 1770 in
1146 1706 1245 1771 sterili

133 1808 207 1870 curn
222 1808 296 1872 Sara
310 1817 456 1895 conjugio
470 1818 560 1882 vivit.
610 1816 649 1881 ld
668 1819 711 1879 est
731 1836 773 1878 ex
791 1826 899 1875 mente
923 1810 1114 1876 clementias
1145 1806 1245 1873 chri-

129 1907 252 2007 stianus
266 1913 418 1996 quamdiu
430 1920 486 1979 nni
499 1917 627 1980 divinae
641 1917 813 2004 sapientiae
825 1928 857 1976 et
870 1913 1017 1991 religioni
1030 1909 1152 1990 studet,
1165 1909 1245 1972 nul-

129 2004 181 2073 los
199 2006 267 2074 edit
283 2034 417 2094 magnos
434 2031 467 2080 et
479 2020 617 2082 eximios
630 2020 762 2080 fructus.
811 2016 1016 2077 Abrahamus
1035 2011 1153 2076 deinde
1172 2031 1246 2074 cum

107 2104 110 2109 ’
129 2106 241 2191 Agere
252 2118 466 2183 consentiente
481 2120 557 2183 Sara
576 2116 785 2199 congreditur.
832 2114 872 2179 Id
889 2117 950 2177 est:
977 2113 1175 2177 Christianus
1192 2114 1247 2173 ss-

129 2210 286 2305 pientiam
305 2218 400 2296 hujus
419 2220 532 2282 mundi
549 2223 601 2282 seu
620 2217 853 2304 philosophiam
872 2216 1037 2301 complecti
1055 2213 1169 2292 debet,
1188 2208 1248 2274 id·
1265 2208 1283 2241 '¹⁸'

131 2314 195 2397 que
214 2335 278 2377 non
297 2317 432 2402 impedit
444 2319 553 2383 divina
567 2320 729 2405 sapientia.
781 2317 943 2380 Postremo
956 2315 1161 2377 Abrahamus
1177 2313 1248 2398 post

129 2422 243 2474 nutum
256 2434 297 2476 ex
311 2416 417 2498 Agere
429 2418 600 2484 Ismae'lem
613 2419 710 2482 Sarae
723 2438 851 2504 quoque
865 2417 1024 2497 jungitur,
1044 2426 1140 2500 atque
1157 2410 1249 2476 Isaa-

130 2528 206 2575 cum
223 2532 266 2576 ex
283 2535 319 2577 ea
339 2519 448 2599 gignit.
496 2522 600 2600 Hujus
617 2521 664 2583 rei
680 2521 757 2581 haec
777 2521 827 2582 vis
847 2521 907 2581 est:
941 2515 1136 2580 Christianus
1149 2512 1250 2575 disci-

130 2610 230 2698 plinis
246 2615 396 2681 humanis
407 2631 449 2680 et
466 2621 665 2707 philosophia
683 2621 844 2682 institutus
861 2620 887 2680 li
903 2616 943 2679 ad
958 2616 1101 2679 divinam
1116 2614 1249 2699 sapien-

19 2782 25 2815 ,
130 2714 211 2775 tiam
228 2720 402 2796 accesserit,
427 2738 528 2798 genus
546 2719 757 2784 Isi-adliticnm
774 2720 808 2783 id
827 2740 976 2781 verorum
994 2717 1250 2780 Christianorum

130 2832 305 2902 propagare
330 2832 425 2905 atque
451 2822 598 2885 ecclesiae
624 2824 762 2884 multum
786 2819 931 2907 prodesse
953 2820 1066 2904 potest.
1123 2816 1249 2879 Pariter

131 2915 299 2982 Clemens:
334 2909 520 3000 ‚,blerito,”
551 2925 594 2985 ait
614 2921 732 2986 Strom.
749 2921 808 3003 VI,
825 2934 854 2998 6,
869 2931 949 2999 765,
971 2916 1074 2998 „dicit
1095 2917 1250 3001 scriptura

129 3016 238 3098 (Jesai.
259 3020 335 3100 XL,
361 3025 412 3104 7),
448 3025 566 3085 bovem
592 3035 625 3085 et
653 3027 757 3089 ursam
781 3023 875 3085 sunus
901 3022 1037 3084 futuros.
1085 3018 1171 3083 Nam
1187 3020 1249 3081 bos

130 3117 263 3204 quidem
289 3119 393 3185 dictus
420 3124 466 3185 est
492 3121 652 3204 Judaeus,
680 3146 723 3188 ex
750 3121 900 3200 animali,
933 3117 1019 3206 quod
1047 3139 1065 3182 a
1090 3121 1163 3201 lege
1188 3122 1248 3183 sub

129 3218 207 3299 jugo
237 3219 415 3300 judicatum
448 3225 493 3285 est
527 3222 702 3304 mundum,
746 3219 1006 3311 quandoquidem
1031 3221 1091 3282 bos
1123 3231 1158 3283 et
1187 3220 1248 3283 fis·-

130 3316 199 3383 sam
216 3320 314 3384 habet
335 3325 505 3404 ungulam,
539 3336 572 3386 et
592 3328 750 3407 ruminat3
780 3323 907 3405 gentilis
926 3332 1033 3383 autem
1052 3321 1248 3400 significetur

130 3438 191 3509 per
202 3424 321 3502 ursam,
349 3446 431 3509 «quae
447 3427 493 3485 est
507 3425 626 3487 animal
641 3424 845 3488 irmnandum
857 3435 889 3486 et
902 3423 1031 3502 agreste.
1082 3419 1172 3483 Parit
1183 3441 1247 3483 au-

126 3532 200 3589 'nm
222 3524 284 3586 hoc
309 3527 427 3587 animal
453 3546 580 3588 carnem
600 3527 788 3604 informem,
821 3547 917 3611 quam
935 3525 1044 3603 lingua
1063 3519 1129 3583 sola
1148 3520 1246 3586 effin-

131 3624 180 3705 git
204 3624 247 3687 -in
279 3624 522 3689 similitudinem
545 3627 704 3689 animalis.
766 3627 875 3691 Verbo
904 3626 991 3686 enim
1018 3624 1178 3685 formatur
1203 3618 1246 3685 ad

130 3724 211 3804 hue,
237 3734 273 3788 ut
295 3746 337 3787 ex
355 3727 421 3787 uita
439 3726 543 3786 serina
562 3728 774 3804 mansuescat,
806 3725 861 3812 qui
881 3723 1078 3787 convertitur
1100 3744 1145 3787 ex
1161 3745 1246 3804 gen-

130 3826 237 3907 tibns;
265 3829 500 3891 mansuefactus
521 3837 630 3889 autem
646 3827 712 3913 ipse
736 3846 863 3913 qrroqne
885 3837 921 3888 ut
940 3825 998 3887 bos
1021 3823 1244 3909 purificatur.”

130 3920 232 3993 Porro
252 3925 369 3999 Strom.
390 3929 609 4009 meanti:
641 3925 894 4007 „Castitatem,”
923 3927 987 4004 ait,
1023 3924 1086 4004 „in
1111 3943 1244 4011 corpore

131 4038 167 4091 et
185 4030 311 4110 anima,
345 4052 441 4118 quam
461 4028 659 4118 persequitur
680 4027 854 4108 gnosticas,
889 4024 993 4088 blaseo
1014 4025 1124 4114 pulcre
1144 4025 1246 4105 signi-

132 4129 256 4214 uait,
279 4134 420 4219 eorporis
434 4144 468 4197 et
478 4131 604 4196 animae
619 4127 854 4215 corruptionem
871 4124 1048 4193 describens
1059 4126 1246 4193 inRebeoea
