2572 4770
535 342 719 438 origene.
762 345 766 361 ·
854 330 858 337 '
1106 348 1197 429 ττι,

62 517 154 591 ὅλων
170 515 375 609 δημιουργὸν
392 514 566 606 εὐσέβειαν
586 517 750 611 εἰλικρινῆ
768 519 828 587 καὶ
848 515 1004 607 καθαράν
1023 520 1082 589 καί
1095 511 1182 609 ἔμε,

61 646 144 691 κτον
156 619 247 712 πρὸς
261 612 327 698 ὁμο
340 624 468 689 ποτοῠν
481 621 616 711 γενητὸν
630 620 940 714 παραδεξαμένοις.
1022 644 1029 663 ⁴·

151 724 236 788 Satis
248 724 347 804 igitur
359 730 492 807 constat,
518 726 669 808 Origeni‚
697 728 776 790 sicut
789 721 965 804 Clementi,
985 724 1181 815 principium

65 824 300 908 cognoscendae
319 826 463 890 veritatis
482 828 545 890 esse
561 829 746 914 scripturam
765 830 787 892 s.
802 848 876 888 cum
889 813 1060 890 traditione
1071 830 1181 893 eccle·-
1264 908 1267 917 Ι

64 930 201 1006 saitica,
238 924 425 1005 adjutricem
444 947 523 991 vero
541 928 762 994 illustrativam
782 928 1026 1014 philosophiam.
1076 926 1182 1010 ¹Quod

62 1043 102 1094 nt
117 1028 525 1112 dilucidissimeappareat,
554 1031 651 1093 hosce
669 1041 834 1114 praeterea
855 1031 942 1093 locos
962 1019 1200 1111 adjungimud
1239 1042 1242 1046 “

60 1131 172 1197 rraet
186 1129 225 1192 ad
241 1131 262 1193 1.
277 1126 317 1191 de
330 1128 429 1213 princ.
446 1131 470 1213 i.
482 1143 530 1195 ιο.
545 1128 645 1195 vohl.
661 1153 694 1216 Ρ.
704 1138 761 1197 te:
783 1129 946 1215 ”Oportet
958 1131 1071 1212 igitur,
1081 1181 1101 1212 ‚,
1121 1133 1180 1197 in-

62 1232 150 1318 quit,
179 1232 296 1293 '’velut
317 1231 485 1294 elementis
502 1253 538 1295 ac
557 1230 777 1295 fundamentis
795 1227 981 1311 hujusmodi
996 1232 1044 1294 uti
1061 1234 1181 1297 secun-

63 1330 145 1394 dnm
163 1331 368 1412 mandatnm,
396 1331 483 1418 quod
506 1331 597 1395 dicit:
629 1326 814 1398 Iiluminate
831 1332 924 1394 vobis
941 1333 1051 1395 lumen
1070 1332 1181 1408 scien*

61 1432 128 1495 tiae
150 1432 241 1512 (Hos.
253 1432 298 1508 X,
316 1438 390 1513 12),
417 1455 547 1497 omnem
569 1435 624 1521 qui
644 1436 730 1519 cupit
742 1434 855 1496 seriem
870 1430 1044 1518 quamdam
1057 1443 1091 1496 et
1103 1454 1197 1498 cor-r
1251 1468 1263 1479 —

61 1555 126 1620 pua
145 1555 188 1596 ex
208 1537 323 1596 horum
336 1536 489 1599 *omnium
501 1536 625 1599 ratione
640 1534 808 1619 perficere,
828 1545 865 1595 ut
875 1533 1050 1596 manifestis
1063 1545 1097 1596 et
1112 1554 1180 1597 ue-

60 1632 200 1698 cessariis
222 1636 442 1699 assertionibus
467 1634 508 1698 de
531 1636 662 1716 singulis
688 1636 866 1721 quibusque
889 1632 969 1721 quid
986 1635 1025 1697 sit
1042 1633 1077 1696 in
1097 1630 1178 1711 veni

59 1735 214 1813 rimetur,
245 1748 277 1797 et
304 1758 405 1798 unuin
432 1741 483 1816 (ut
502 1735 660 1817 diximus)
677 1749 802 1820 'corpus
824 1738 943 1800 efficiat
965 1735 1124 1820 exemplis
1143 1746 1179 1801 et

60 1836 349 1915 affirmationibus,
382 1839 436 1900 vel
456 1839 508 1901 his
532 1857 613 1922 quaa
632 1837 666 1897 in
688 1837 802 1900 sanctis
825 1835 984 1923 scripturis
1004 1836 1178 1919 invenerit,

56 1939 117 1999 vel
137 1957 217 2023 quas
234 1957 276 1998 ex
295 1939 537 2024 consequentiae
556 1937 652 2020 ipsius
674 1933 827 2015 indagine
843 1957 884 1999 ao
898 1938 975 1999 recti
995 1949 1105 2000 tenore
1118 1958 1178 2002 re·-

58 2038 224 2125 pererit„,
244 2051 276 2101 et
289 2036 328 2100 de
341 2039 440 2123 princ.
454 2040 510 2102 lib.
523 2036 582 2102 IV.
601 2041 626 2121 §-
639 2049 665 2110 1,
679 2057 711 2120 p.
728 2046 804 2103 156:
836 2029 990 2123 Ἐπειδὴ,
1012 2037 1073 2116 ait,
1094 2034 1179 2122 περὶ

58 2132 266 2224 τηλικούτων
279 2134 488 2219 ἐξετάζοντες
499 2129 704 2223 πραγμάτων
718 2131 778 2200 οὐκ
795 2126 996 2221 ἀρκούμενοι
1007 2136 1082 2211 ταῖς
1097 2158 1177 2202 aot·-

60 2242 134 2314 ναῖς
152 2231 295 2312 ἐννοίαις
315 2240 371 2302 καί
391 2241 434 2328 τῇ
456 2234 604 2324 ἐνεργείᾳ
625 2237 690 2300 τῶν
709 2233 942 2318 βλεπομένων,
969 2256 1176 2324 προςπαρα-
1255 2262 1260 2271 ·

60 2333 273 2422 λαμβάνομεν
290 2334 340 2415 εἰς
356 2334 417 2426 τὴν
436 2335 640 2425 φαινομένην
660 2327 737 2423 ἡμῖν
755 2327 930 2414 ὕπόδειξιν
947 2338 1014 2403 τῶν
1031 2335 1177 2425 λεγομέ-

59 2463 127 2506 νων
151 2434 320 2527 μαρτύρια
340 2436 383 2502 τὰ
409 2435 446 2505 ἐκ
471 2440 538 2503 τῶν
558 2434 830 2522 πεπιστευμένων
856 2429 932 2524 ἡμῖν
954 2433 1062 2504 θείων
1087 2461 1176 2528 γραη

60 2541 154 2628 φῶν,
193 2542 255 2626 τῆς
280 2561 318 2603 τε
347 2534 524 2627 λεγομένης
548 2539 699 2617 παλαιάς
722 2534 906 2629 διαθήκης,
941 2539 998 2604 καί
1025 2540 1086 2627 τῆς
1107 2563 1177 2607 κα-

58 2638 224 2726 λουμένης
248 2640 398 2728 καινῆς,
415 2636 504 2729 λόγῳ
526 2665 563 2708 τε
588 2634 790 2728 πειρώμεθα
811 2634 984 2729 κρατύνειν
1003 2631 1095 2737 ἦμῶγ
1112 2640 1175 2733 τὴν

57 2759 187 2806 πιστιν.

142 2938 293 3003 Jamvero
306 2939 464 3023 Origenes
481 2964 555 3008 cum
566 2942 800 3030 philosophiam
818 2943 1016 3009 utilissimam
1029 2946 1092 3009 esse
1104 2946 1184 3010 ίεε·Ι

57 3040 158 3103 tuerit
181 3039 223 3103 ad
243 3043 485 3123 intelligendam
511 3044 688 3108 doctrinam
714 3047 932 3126 christianam,
962 3049 1056 3111 simul
1078 3046 1173 3129 dixit,

58 3141 252 3207 Christianos
273 3146 408 3226 evulgo
430 3167 469 3208 eo
492 3148 680 3226 cognitionis
701 3149 868 3232 pervenire
891 3172 956 3210 non
973 3151 1080 3235 posse,
1106 3168 1173 3236 quo
1268 3136 1272 3149 ¹

57 3244 114 3330 qui
139 3245 413 3330 philosophentur.
469 3246 621 3311 Distinxit
647 3250 744 3329 igitur
769 3247 943 3313 docendi
970 3250 1174 3315 rationem

56 3344 297 3408 esotericam
313 3357 352 3407 et
367 3349 627 3413 exotericam.
656 3347 722 3412 Itar
739 3337 1172 3432 Tdd’asroc,aitc.Cels.I,s

55 3447 123 3509 vol.
138 3444 165 3525 I,
183 3456 261 3523 325,
289 3440 364 3509 τινὰ
385 3433 436 3521 οἷς
452 3444 539 3527 μετὰ
554 3443 596 3512 τά
617 3444 814 3533 ε’ξωτερικὰ,
847 3448 894 3536 μὴ
915 3445 967 3525 είς
985 3447 1064 3529 τοὺς
1078 3450 1172 3515 πσλ-

55 3541 138 3622 λούς
152 3539 347 3631 φθάνοντα,
377 3540 416 3612 οὗ
433 3541 539 3629 μόνον
552 3542 640 3614 ἴδιον
657 3550 718 3614 τοῦ
727 3549 927 3634 χριστιανῶν
941 3543 1061 3635 λόγου,
1080 3543 1171 3617 ἀλλὰ
1186 3618 1190 3625 ,

54 3643 120 3733 γὰρ
138 3647 196 3710 καί
213 3646 279 3710 τῶν
295 3640 513 3732 φιλοσόφων,
533 3664 565 3714 et
577 3654 618 3714 ib.
632 3651 694 3731 111,
711 3666 760 3718 79.
782 3675 813 3738 Ρ.
828 3662 907 3721 tae:
935 3649 1093 3738 Λέγομεν
1105 3647 1172 3738 γάρ

53 3749 137 3833 περὶ
155 3741 261 3812 αὐτοῦ
280 3748 342 3812 τοῦ
358 3750 446 3813 θεοῦ
465 3751 522 3814 καί
540 3743 656 3838 ἀληθῆ
670 3753 729 3817 καί
748 3755 820 3830 τοῖς
840 3752 981 3829 πολλοῖς
998 3753 1094 3838 σαφῆ
1107 3749 1172 3834 μέν

51 3838 143 3915 εἶναι
160 3848 341 3924 δοκοῦντα,
373 3841 413 3912 οὐ
434 3850 528 3937 σαφῆ
548 3845 581 3914 d’
602 3841 682 3916 ίίντα
702 3849 858 3931 ἐκείνοις,
887 3849 1014 3931 ὡςτοῖς
1030 3845 1170 3937 ὀλίγοις,

53 3948 259 4039 φιλοσοφεῖν
278 3942 420 4015 ἀσκοῦσι
436 3945 480 4013 τὰ
501 3945 586 4015 κατὰ
603 3950 661 4015 τὸν
678 3947 786 4038 λόγον.
829 3954 870 4020 Iu
881 3953 1018 4017 eandem
1037 3956 1171 4017 senten-

51 4054 132 4116 tiam
152 4051 252 4131 redit,
280 4050 367 4138 quod
387 4051 529 4114 divinam
550 4054 736 4137 sapientiem
757 4079 783 4119 c.
805 4055 885 4120 Cels.
899 4053 958 4132 Vl,
982 4065 1030 4121 ts.
1054 4077 1087 4140 Ρ.
1105 4064 1168 4124 689

52 4152 152 4229 aride
165 4156 305 4251 separat,
327 4151 406 4217 dum
422 4145 484 4238 την
500 4147 601 4217 θείαν
614 4148 759 4240 σοφίαν,
780 4148 898 4244 ἑτέραν
912 4145 1017 4222 οὖσαν
1029 4152 1090 4248 τῆς
1101 4151 1168 4225 πί-
