2572 4770
488 318 714 345 a*
1133 315 1155 379 Β

42 486 111 542 tum
129 474 238 565 quoad
259 472 398 540 criticam
424 486 458 539 et
484 476 785 558 hermeneuticam„
801 489 871 542 tum
896 475 1107 563 dogmaticam
1123 496 1158 555 et

45 581 182 643 ethicam
202 579 366 660 neglectos
394 577 498 658 (licuti
518 579 650 639 omnino
673 580 769 639 etiarn
790 579 904 663 reliqui
928 581 1063 665 Didymi
1082 590 1157 654 libri

47 700 161 766 parum
181 680 329 743 exhausti
347 680 449 757 sunt),
472 678 639 742 citabimus
653 699 696 740 ex
708 679 798 740 unlca
813 677 1154 773 editionetoh.atoyr

49 780 252 862 blingatellii,
276 799 359 865 quae
373 778 491 865 prodiit
503 777 670 842 Bononiae
691 791 790 857 1769,
811 781 867 843 sol.
881 782 927 860 il).

127 880 237 967 Neque
256 892 366 942 tamen
389 880 549 957 omnium,
578 901 660 966 quae
680 879 715 941 in
734 878 1008 947 clementinorum
1027 900 1061 950 at
1073 888 1156 955 Ori..

56 982 253 1062 genianorum
281 999 416 1064 operum
439 977 632 1043 editionibus
659 979 798 1040 inveniri
819 981 937 1062 solent,
971 986 1157 1072 scriptorum

57 1083 222 1167 promiscue
236 1081 421 1145 auctoritate
435 1081 482 1140 uti
500 1082 585 1144 licet,
626 1079 680 1144 Ex
693 1077 802 1144 Clem
811 1101 856 1142 en
866 1081 921 1145 tie
943 1088 1092 1170 operibus
1105 1093 1158 1170 (ut

10 1202 12 1247 t
59 1184 162 1245 bbrum
175 1181 267 1247 VIII.
276 1181 473 1246 Stromatum
487 1192 620 1257 taceam,
638 1191 674 1241 ut
687 1182 740 1264 qui
755 1182 835 1244 nihil
851 1181 947 1245 saciat
961 1183 1001 1246 ad
1018 1191 1159 1257 nostram

10 1252 17 1347 i
62 1285 284 1359 tractationem)
311 1280 541 1368 praetereunda
561 1279 712 1342 videntur
732 1281 890 1368 Excerpta
911 1305 954 1347 ex
973 1283 1167 1373 Theodoto,

10 1354 20 1499 'q
63 1387 159 1468 quibua
203 1382 334 1470 quidem
378 1383 530 1469 pleraque
575 1380 614 1444 de
657 1379 818 1443 Theodoti
858 1386 1012 1447 sententia
1056 1393 1158 1458 relata
1234 1404 1238 1412 '

64 1487 113 1545 esse
149 1495 290 1570 apparet.
362 1481 667 1546 Animadverfiones
709 1485 749 1544 ab
790 1484 857 1568 ipso
893 1483 1058 1552 Clemente
1099 1491 1158 1556 in..

63 1590 193 1669 terjectae
221 1604 286 1646 non
313 1583 358 1644 ita
385 1581 457 1643 sunt
484 1602 501 1643 a
531 1578 693 1645 Theodoti
721 1577 863 1645 doctrina
893 1585 1074 1671 separatae,
1119 1605 1158 1659 ut

63 1681 133 1748 illius
166 1684 348 1770 discipliuae
383 1681 543 1746 finiendae
579 1682 729 1745 inservire
769 1697 896 1769 queant.
951 1688 1156 1771 Origenes

65 1798 158 1849 autem
194 1784 357 1868 dialogum
392 1784 433 1848 de
466 1797 551 1848 recta
576 1782 611 1846 in
641 1783 749 1846 Deum
776 1782 840 1847 fide
874 1798 908 1847 et
937 1785 1168 1878 Philosophuss.¹
1225 1767 1229 1785 ³

24 1912 29 1983 i
65 1911 143 1953 uena
162 1902 246 1954 certo
263 1910 328 1952 nou
346 1886 480 1971 scripsit,
507 1883 541 1948 id
562 1881 647 1969 quod
660 1883 790 1945 Ruaeus
806 1884 840 1944 in
858 1883 1096 1966 Prolegomenis
1114 1893 1158 1962 ad

66 1990 128 2054 luet
140 1993 251 2077 scripta
268 1986 413 2052 ostendit.
466 1985 574 2070 Atque
596 1980 696 2068 (quod
709 1986 774 2059 jam
788 1983 849 2043 hoc
863 1982 933 2045 loto
946 2008 1158 2069 praemonere

10 2115 14 2133 ³
68 2089 156 2172 liceat)
170 2091 268 2155 etiarn
283 2091 317 2152 in
333 2087 445 2151 ceteris
458 2086 573 2172 ipsrus,
596 2098 676 2169 quae
691 2083 870 2167 supersunt,
882 2086 1003 2170 scriptis
1018 2086 1058 2149 ad
1073 2112 1159 2154 anu..

10 2191 17 2227 ²
70 2190 181 2255 cleanda
209 2189 358 2272 dogmata
376 2181 563 2271 usurpandis
585 2182 687 2245 cautio
708 2180 864 2268 quaedam
884 2187 943 2247 erit
966 2185 1156 2259 adhibenda.

10 2303 19 2315 '
71 2288 255 2378 Quamquam
269 2310 335 2352 non
348 2289 526 2350 habeantur
540 2281 718 2346 adulterata
731 2286 768 2345 ab
783 2284 949 2349 haereticis
968 2285 1025 2367 (de
1041 2294 1157 2376 quibus
1271 2323 1278 2335 x

10 2403 21 2413 ·
72 2389 121 2477 ipse
141 2392 298 2473 Origenes
319 2393 386 2470 jam
411 2390 537 2474 questus
557 2398 607 2449 est
625 2384 721 2466 Ψ),
756 2388 860 2451 multa
876 2399 986 2451 tamen
1007 2389 1158 2473 Origenir

71 2545 253 2571 *-

10 2698 25 2731 2
96 2655 238 2727 ‘)Mnlta'
253 2668 367 2725 quoque
388 2646 588 2706 beneditione
610 2650 796 2706 eontinentur
814 2648 851 2722 (l,
869 2656 1101 2714 Commentariun
1120 2658 1158 2717 de

123 2743 251 2812 Didium
270 2757 300 2810 Ρ·
315 2738 495 2801 ῙΧ·ΒΧῙῘ;
522 2738 549 2790 2·
570 2739 661 2806 Sopra
680 2739 729 2790 un'
751 2756 840 2809 opere
863 2741 973 2795 inedita
995 2744 1026 2797 di
1046 2762 1086 2797 un
1105 2763 1159 2800 en-

123 2824 181 2882 tieo
201 2825 316 2899 teologo
331 2825 433 2877 lettera
447 2836 502 2877 etc.
516 2840 544 2892 p.
556 2820 606 2874 453
615 2821 721 2892 -472‚
741 2834 771 2876 et
784 2824 812 2878 b.
828 2828 966 2881 Veterum
979 2829 1014 2882 de
1029 2832 1157 2902 Didymo

10 2901 23 2977 f
120 2912 282 2968 testimonia
297 2912 372 2976 (101)
386 2927 415 2980 p.
430 2908 518 2963 478-
531 2905 613 2973 498),
640 2923 713 2976 quae
733 2911 771 2962 ad
791 2909 879 2963 ritem
895 2914 1014 2983 Didymi
1034 2935 1158 2974 accura-

10 2992 20 3023 .,
120 3001 177 3053 aiut
189 2996 407 3054 describendam
423 2993 498 3047 haud
515 3009 617 3063 parum
629 2993 756 3063 faciunt,
783 3014 798 3048 a
818 2997 901 3050 nobis
913 2999 944 3050 in
960 3013 1044 3070 parte
1058 3006 1157 3074 priore

10 3101 18 3111 .
120 3080 208 3152 bujur
232 3074 485 3136 commentationis
505 3080 653 3150 neglecte,
686 3082 754 3150 quia
779 3082 1054 3154 crinemcrinem,
1082 3108 1158 3161 qua·

10 3199 13 3208 .
119 3168 152 3225 in
173 3166 359 3231 bibliothecis
379 3166 548 3220 Halenfihur
567 3183 625 3218 nou
640 3167 802 3236 iuvenitur,
829 3175 900 3220 tuno
923 3175 1063 3243 temporie
1083 3192 1159 3232 non·

123 3254 420 3328 dumpoffidebemus.
918 3246 920 3258 ·
1179 3250 1182 3263 ·

89 3361 130 3432 θ)
148 3359 230 3416 Dicit
243 3357 364 3409 enimin
379 3356 497 3424 epistola
511 3355 547 3407 ad
564 3355 671 3408 amicos
692 3352 831 3425 quondam
845 3355 922 3410 Alex.
945 3359 1033 3428 (quae
1055 3376 1160 3429 graece

120 3464 179 3500 non
197 3443 319 3512 amplior
330 3443 464 3511 superest)
477 3442 551 3508 Opp.
563 3440 618 3492 vol,
632 3442 656 3493 1.
674 3457 703 3509 p.
718 3438 773 3495 5.6
786 3439 909 3495 haeccer
928 3479 947 3510 „
956 3444 1036 3497 Nihil
1053 3448 1160 3500 mirum

120 3531 196 3586 mibi
218 3529 347 3596 videtur,
379 3529 402 3579 li
423 3527 603 3579 adulteretur
625 3525 757 3577 doctrina
778 3542 844 3577 mea
865 3527 902 3579 ab
924 3528 1053 3583 inimicia
1074 3532 1157 3598 meir,

121 3627 153 3671 et
165 3616 218 3670 tali
233 3615 377 3668 adulterio
392 3620 594 3679 corrumpatur
603 3646 612 3678 ‚
637 3612 716 3681 quali
734 3612 875 3666 adulterio
890 3624 1027 3683 corrupta
1043 3616 1080 3668 eii
1093 3615 1158 3684 epta
1181 3667 1185 3680 ,

122 3703 192 3757 stola
207 3701 290 3756 Pauli
304 3701 465 3771 apostoli...
508 3698 592 3751 'salia
612 3713 679 3767 ergo
700 3699 842 3767 quaedam
864 3701 946 3753 vldeo
967 3703 1056 3753 etiam
1074 3700 1170 3757 nobit⁴

124 3791 271 3846 accidere.
312 3790 387 3840 Nam
410 3787 527 3856 quidam
550 3792 650 3836 auctor
669 3783 818 3835 haereseon
840 3801 904 3836 cum
927 3787 979 3838 sub
997 3787 1160 3854 praesentia

48 3928 54 3943 ,
120 3877 280 3931 multorum
292 3874 392 3927 habita
409 3875 484 3926 inter
498 3890 549 3923 nos
563 3871 660 3922 fuisset
673 3869 847 3937 disputatio,
869 3879 899 3920 et
918 3869 1090 3939 descriptum
1107 3888 1161 3923 ae-

122 3963 234 4032 cipieur
253 3959 367 4026 abbir,
393 3961 444 4029 qui
463 3960 669 4026 descripserant
682 3954 829 4021 codicem,
857 3972 931 4024 quae
947 3957 1058 4023 voluit,
1075 3957 1160 4012 addi.

121 4050 184 4114 dit,
206 4060 234 4099 et
252 4065 326 4116 quae
340 4046 447 4113 noluit,
468 4044 600 4109 abstulit,
620 4051 649 4094 et
664 4041 742 4112 quod
755 4040 782 4091 ei
797 4040 888 4092 visum
902 4040 953 4106 est,
975 4043 1160 4115 permutavit,

119 4134 331 4190 circumferens
346 4142 485 4203 tanquam
501 4150 536 4184 ex
550 4129 668 4183 nomine
682 4126 793 4190 nostro,
811 4124 950 4181 insultans
966 4135 996 4178 et
1010 4129 1161 4185 ottcndctn

120 4238 176 4293 aa,
194 4236 270 4292 quae
280 4221 344 4292 ipse
356 4217 540 4294 conseripsitr
573 4216 629 4268 Pro
651 4211 755 4340 quibqa
772 4211 957 4282 indignanter
970 4212 1091 4283 hemer,
1109 4218 1161 4288 qul

195 4324 199 4329 .
765 4311 783 4340 ω
806 4310 811 4321 .
