2572 4770
484 178 488 188 .
556 188 559 193 ,
883 138 890 182 t

97 247 152 315 ¹1⁰
180 268 184 277 ·
408 239 495 335 Cap.
522 196 573 310 lt.
610 239 907 311 Hermtaeutica.

184 417 273 502 Quo
307 434 445 487 autem
471 423 734 505 mysticorum
767 421 951 486 tertuum
984 404 1146 508 (quorum
1170 446 1218 469 -·

99 521 245 587 itrictiori
265 525 354 586 lenlu
370 557 429 602 -‚
451 535 489 586 ut
508 528 575 604 jam
595 523 719 588 dictum
738 526 801 602 est,
822 523 952 586 moralis
969 524 1058 584 vices
1077 518 1218 605 explet)

99 621 386 704 intelligentia
414 625 581 691 facilius
601 637 871 713 comparetur,
902 637 986 687 tres
1004 619 1217 701 Origenes

99 726 295 811 proponit
320 726 495 806 regulas.
545 728 690 793 Primum
713 726 762 807 (id
785 724 872 811 quod
891 727 1061 812 praecipue
1077 723 1119 789 in
1135 717 1217 785 Mei.

98 823 190 888 libris
208 826 315 888 lucum
335 830 446 910 habet)
468 827 618 913 quicquid
636 831 671 891 in
692 830 842 914 scriptura
858 826 1021 904 mandati,
1041 822 1218 910 praecepti,

100 926 289 1005 testimonii,
311 932 463 1008 justitiae,
485 927 596 1008 judicii
609 942 667 992 cet.
682 930 814 992 vocibus
828 928 1035 1014 exprimitur,
1062 923 1097 988 id
1112 921 1154 988 ed
1171 924 1219 987 li-

99 1034 202 1098 terem
218 1028 437 1114 accipiendum
456 1033 520 1109 est,
548 1052 607 1093 nec
627 1031 787 1110 allegoriis
806 1028 949 1110 indiget,
975 1024 1125 1116 quicquid
1137 1044 1218 1089 vero

100 1130 325 1210 nominelegis
340 1128 531 1209 declaratur,
558 1130 594 1195 id
615 1131 782 1212 allegorice
802 1127 1039 1216 explicandum.
1086 1127 1157 1191 linc
1176 1122 1219 1189 de

100 1231 212 1311 regula
226 1233 292 1310 jam
304 1234 397 1317 lupra
412 1246 518 1296 actum
529 1236 583 1298 elt.
628 1233 677 1298 cf.
693 1244 857 1318 praeterea
871 1233 957 1294 hom.
971 1229 1047 1307 VH,
1062 1237 1081 1296 t
1097 1230 1132 1291 in
1145 1226 1221 1293 Le-

101 1331 159 1397 vit.
173 1343 207 1395 et
220 1333 308 1398 hom.
325 1332 382 1397 VI.
399 1333 433 1395 in
447 1332 559 1398 Genel.
609 1331 737 1398 Deinde
757 1331 836 1413 (uid.
851 1330 892 1394 de
906 1333 1006 1418 princ.
1019 1328 1079 1410 lv,
1097 1343 1151 1398 20.
1166 1343 1220 1398 at.

101 1432 167 1499 vol.
184 1432 213 1513 1,
234 1447 291 1529 ξεί
309 1437 389 1522 qu.)
402 1471 445 1483 —
462 1447 495 1498 et
507 1439 603 1515 hujus
615 1433 747 1522 quidem
760 1434 887 1514 regulae
902 1432 1111 1519 praecipuum
1125 1431 1221 1496 ulum

103 1534 168 1599 elie
178 1534 251 1597 vlrlt
261 1537 294 1597 in
308 1538 503 1625 propheticis
514 1548 548 1601 et
560 1536 714 1599 historicis
728 1535 872 1609 libris-
894 1531 1044 1622 quicquid
1056 1534 1092 1596 in
1105 1535 1127 1598 i
1141 1533 1165 1597 i.
1179 1529 1222 1597 de

103 1637 240 1699 terrenis
254 1637 499 1719 Hierosolymis,
523 1635 563 1701 de
577 1648 703 1699 terrena
716 1637 888 1724 Aegypto,
916 1634 957 1699 de
970 1634 1137 1716 Babylone
1152 1645 1224 1699 teo·

102 1736 192 1800 reitri
208 1748 241 1799 et
255 1734 296 1800 de
311 1739 382 1801 aliis
396 1737 556 1818 ejusmodi
570 1737 666 1816 locis,
688 1758 812 1801 necnon
825 1740 956 1801 illorum
967 1737 1080 1800 incolis
1093 1735 1222 1819 dicitur,-

103 1832 140 1900 it
151 1834 193 1900 ad
207 1840 358 1902 coelestes
372 1839 520 1920 regiones
532 1841 692 1925 urbesque
705 1841 911 1919 cognomines
925 1849 1020 1924 atque
1035 1835 1075 1899 ed
1091 1838 1224 1902 illarum

48 1934 51 1943 ’
103 1935 227 2003 incolae
239 1937 446 2004 referendum
459 1942 513 2004 elt.
549 1938 621 2004 Imo
634 1942 811 2026 laepillime
824 1937 865 2002 de
880 1937 1131 2002 coelestibuahie
1144 1948 1225 2002 tan-

103 2049 176 2103 tum
195 2042 275 2104 locis
292 2044 468 2129 prophetae
487 2043 579 2129 loqui
597 2043 655 2107 titt
672 2044 920 2130 proposuerunt,
941 2061 1015 2103 cum
1031 2038 1073 2102 de
1087 2040 1225 2107 temnit

105 2137 339 2223 Hierosolymis
355 2155 414 2208 cet.
428 2145 609 2207 sermonem
622 2146 741 2208 habere
756 2142 922 2220 ridentur,
943 2138 1042 2227 idque
1058 2138 1136 2205 inde
1151 2144 1227 2207 col-

104 2238 163 2322 ligi
183 2245 301 2329 potelt,
339 2242 432 2330 quod'
449 2244 610 2324 ejusmodi
636 2245 825 2332 prophetiae
842 2241 1066 2324 mysteriorum
1085 2234 1262 2329 speeiem*

103 2350 184 2427 pr'ae
200 2343 233 2402 le
245 2342 355 2404 ferunt
366 2346 530 2432 multaque
544 2338 725 2425 continent,
746 2365 829 2432 quae
843 2340 885 2405 ad
897 2343 1048 2406 homines
1061 2345 1228 2432 pertinere

106 2458 312 2528 nequaquam
326 2445 464 2527 poliunt.
506 2445 616 2509 Tertia
629 2444 768 2533 denique
785 2444 935 2526 Origanis
948 2447 1077 2526 regula,
1104 2444 1146 2509 de
1161 2466 1229 2534 que

106 2560 152 2605 ex
164 2544 257 2627 supra
268 2539 361 2607 dictis
373 2550 509 2624 constat,
530 2549 700 2635 praecipit,
722 2559 758 2610 ut
769 2546 811 2610 ad
824 2549 992 2630 mysticum
1005 2547 1131 2609 lenium
1142 2567 1230 2610 con-

108 2642 250 2724 fugiatur
264 2656 298 2708 et
310 2642 470 2711 deleretur
486 2648 596 2729 litere,
619 2647 746 2737 quoties
760 2647 857 2730 falle,
877 2648 1002 2712 inutilis
1014 2645 1154 2736 Deoque
1168 2647 1231 2712 in·

109 2740 208 2827 digna
223 2747 411 2835 reperiatur.

194 2944 284 3013 Haeo
303 2948 458 3014 sufficient
477 2949 519 3014 ad
541 2949 761 3013 illustrandum
780 2947 932 3030 Origenis
950 2945 1232 3014 hermeneucicem

109 3043 239 3111 iacrern.
290 3048 408 3115 Sensus
427 3052 524 3132 igitur
542 3052 675 3115 literalis
690 3071 733 3113 ex
744 3050 842 3135 ipllus
856 3050 1012 3113 lententia
1026 3070 1092 3111 non
1102 3050 1233 3135 lempse

109 3156 206 3232 aptus
222 3151 267 3212 eit
275 3198 284 3229 ,
306 3151 360 3215 led
375 3154 482 3219 lenius
494 3155 563 3218 veri
577 3153 718 3215 nominis
729 3153 880 3232 mysticus
892 3149 1021 3214 accedat
1035 3151 1159 3214 necelle
1171 3153 1231 3219 eli.

112 3242 224 3328 Quem
238 3272 311 3315 curn
324 3254 470 3319 invenire
485 3254 708 3319 difficillimum
723 3252 771 3330 fit,
787 3273 847 3316 nec
860 3254 920 3317 nifi
930 3253 1039 3340 lpiritu
1051 3253 1160 3315 lencto
1173 3252 1234 3317 ei-

101 3348 192 3416 ,tato
207 3350 318 3433 liceat,
344 3356 389 3436 is,
417 3357 491 3442 qui,
519 3357 595 3419 licet
616 3355 728 3442 spiritu
756 3354 862 3418 lanne
887 3354 1008 3440 alioqui
1031 3352 1070 3417 lit
1092 3353 1234 3434 afflues,

114 3447 355 3537 indagare-eum
370 3469 426 3521 eut
437 3478 503 3521 non
516 3460 604 3522 valet
615 3468 672 3520 uut
686 3476 750 3518 non
764 3453 877 3536 audet,
894 3457 1005 3519 leltem
1018 3454 1143 3517 tentum
1153 3474 1237 3519 mo-

115 3553 219 3619 ntem
234 3564 342 3618 teneat
355 3570 489 3643 oportet.
532 3558 631 3623 Haud
645 3576 723 3620 vero
738 3554 969 3643 supervacuum
982 3552 1129 3636 videtur,
1155 3556 1238 3621 bn·

116 3655 251 3720 tendam
270 3653 421 3737 Origenis
440 3656 482 3719 de
499 3660 601 3724 tribus
621 3663 643 3724 Γ,
658 3662 679 3723 l.
695 3658 850 3737 lentibus,
871 3658 989 3721 literali
1002 3659 1239 3738 relgremmef

116 3753 200 3837 den,
221 3757 336 3822 morell
350 3769 383 3821 et
395 3759 547 3841 rnyltico,
572 3763 732 3851 sumplis
748 3761 912 3827 nonnullis
925 3760 1083 3823 illustrare
1096 3761 1238 3847 (quen-

117 3852 217 3941 q'uaur
229 3858 291 3923 hoc
303 3855 433 3925 difficile
443 3862 500 3943 tu,
531 3864 605 3951 quia
626 3886 697 3928 raro
714 3863 872 3946 Origenes
889 3880 991 3924 unum
1007 3856 1239 3927 tantummodo

120 3958 244 4023 bulum
256 3961 327 4024 loco
339 3964 573 4054 aliquoioret).
615 3964 683 4047 (lui
696 3967 790 4054 plura
803 3961 976 4046 delideret,
991 3961 1138 4029 inveniet
1147 3958 1239 4054 opud

121 4054 403 4134 Relenruiillerurn
416 4070 438 4134 l.
454 4068 519 4156 lp.
534 4080 576 4138 tto
587 4069 652 4158 qu.
