2572 4770
110 260 182 329 tsr
285 322 287 330 ,
384 216 391 243 '
482 242 568 333 cap.
592 239 662 310 ιν.
715 237 859 306 urtica.

109 436 238 501 minum
256 426 411 492 sententia
428 423 586 504 Origenes
607 418 641 485 itl
663 417 758 498 dicit,
786 419 865 506 ipse
873 416 963 481 enim
985 439 1012 480 c
1028 415 1111 482 Cels.
1128 414 1221 498 Ill,''
1208 454 1232 485 ι.

111 558 144 623 p
162 541 222 599 451
243 529 338 606 dicit,
373 521 761 608 „indecorunrsllrristum
782 520 905 603 putasse
922 516 1045 582 divinis
1066 521 1133 583 suis
1156 521 1237 601 legi-

112 638 174 697 bus
194 629 382 716 permitti
357 625 490 689 caedem
508 624 667 701 hominis,
703 621 935 723 qualiscunque
952 617 1088 682 tandem
1107 622 1168 682 illa
1188 623 1238 682 es

114 733 224 812 set’';)
245 730 289 790 ita
298 727 389 792 Chris
376 727 512 789 stiani..
529 736 636 787 contra
651 719 816 783 diabolum
829 700 934 807 ipsum
945 716 1081 784 foedera
1094 721 1238 798 ineunt'’,

114 834 179 895 hue
207 850 273 891 non
299 829 556 913 pertinentw)
559 823 754 904 ,Hominum
775 841 952 908 regumque
972 824 1069 883 favor
1096 824 1140 900 (c.
1162 819 1236 885 cett.

114 930 210 1010 VIII,
226 940 277 996 65.
299 950 331 1012 p.
350 930 428 1004 790)
447 925 540 988 nobis
558 920 811 988 contemnendus
831 927 893 1003 est,
920 944 986 985 non
1004 922 1113 984 solum
1128 923 1155 984 si
1168 943 1239 985 cee-

117 1031 230 1108 dibus,
259 1028 416 1113 spurcitiis
435 1026 601 1109 saevisque
611 1023 824 1104 facinoribus,
852 1021 909 1098 sed
923 1023 1022 1085 etiam
1034 1023 1062 1085 si
1074 1024 1238 1109 impietate

117 1134 153 1194 in
178 1130 399 1190 universorum
419 1125 528 1187 Deum
548 1126 603 1186 vel
626 1125 732 1191 servili
754 1124 903 1210 obsequio
925 1134 958 1185 et
977 1120 1037 1184 vili
1056 1120 1239 1185 adulatione

119 1239 332 1313 comparatur.
381 1227 470 1290 Nihil
494 1227 583 1288 enim
598 1222 761 1304 indignius
780 1224 857 1285 viris
876 1222 1039 1303 generosis
1057 1235 1091 1284 et
1105 1245 1239 1304 megna-

118 1331 234 1407 nimis,
260 1328 380 1414 quique
398 1325 640 1402 fortitudinem,
671 1334 708 1385 ut
725 1324 878 1386 virtutem
900 1322 1102 1401 maximam,
1133 1326 1239 1388 ceteris

119 1431 189 1492 suis
209 1429 381 1491 virtutibus
404 1423 579 1505 adjungere
596 1422 735 1491 student.
783 1424 908 1488 Verum
930 1424 985 1484 ubi
1002 1426 1089 1487 nihil
1113 1447 1132 1488 a
1155 1427 1240 1490 nohis

121 1532 260 1612 exigitur
283 1530 348 1608 legi
366 1535 399 1588 et
417 1527 519 1588 verbo
533 1525 599 1590 Dei
613 1527 826 1604 contrarium,
852 1545 919 1586 nnn
934 1544 973 1587 ea
987 1527 1097 1589 nostra
1113 1527 1240 1605 insania,

120 1642 159 1693 ut
172 1641 281 1692 contra
295 1648 354 1690 nos
367 1627 452 1712 ipsos
467 1628 551 1707 regis
564 1630 618 1691 vel
627 1626 779 1709 dynastae
790 1628 871 1689 iram
884 1627 1101 1706 concitemus,
1127 1639 1241 1689 contn-

18 1730 24 1745 '
121 1729 271 1806 meliam‘,
292 1718 446 1814 supplicia
460 1740 644 1793 acmortem
657 1727 1007 1792 nobisferentem.'’-
1047 1725 1125 1791 Jam
1139 1728 1241 1805 exeis,

122 1849 205 1918 qnae
225 1826 329 1890 adhuc
348 1827 560 1910 tradidimus,
587 1830 738 1912 colligere
750 1829 930 1914 possumus,
957 1825 1097 1914 quidde
1119 1832 1242 1895 bellis

122 1927 315 2012 gerendis
354 1932 461 1993 noster
495 1932 651 1995 statuerit.
716 1929 884 2010 „Fortasse
921 1927 968 2013 (e.
1000 1928 1082 1995 cett.
1104 1931 1168 2015 lv,
1195 1944 1240 2000 82.

123 2048 156 2116 p.
175 2034 251 2110 564)
272 2030 378 2110 imago
390 2030 568 2109 bellorum,
589 2051 671 2118 quae
685 2041 801 2114 gerunt
813 2049 906 2114 apes,
934 2029 1027 2094 nobis
1045 2024 1242 2110 documento

125 2135 187 2212 est,
215 2129 378 2220 quomodo
398 2131 479 2210 juste
501 2143 534 2193 et
553 2132 700 2195 ordinate
720 2128 857 2213 gerenda
873 2131 1048 2210 bellafint,
1077 2134 1243 2222 siquando

113 2233 209 2299 'inter
230 2232 379 2294 homines
393 2231 460 2312 geri
476 2253 557 2317 opus
573 2233 628 2294 est.
637 2233 657 2265 '’
698 2230 892 2296 Christianus
906 2252 983 2295 vero
995 2235 1124 2298 bellurn
1138 2239 1245 2301 omni-

44 2346 47 2353 ’
102 2352 168 2413 1κιο
190 2353 255 2395 non
278 2345 376 2415 geret.
427 2331 692 2412 „sciscitantibus
711 2335 753 2412 (c.
775 2331 855 2396 Cels.
871 2332 914 2412 V,
933 2343 984 2401 33.
1004 2356 1037 2420 p.
1054 2342 1135 2418 602)
1161 2337 1244 2400 unde

125 2434 297 2499 'veniamus
318 2444 351 2495 et
372 2433 521 2518 quisnam
541 2434 580 2495 sit
600 2431 670 2494 dux
688 2434 810 2512 noller,
843 2433 1074 2519 respondemus
1093 2459 1156 2501 nos
1176 2439 1243 2503 Jesn

125 2532 272 2618 imperiis
294 2533 451 2593 arcessitos
472 2533 584 2593 venire
602 2532 774 2594 conflatum
788 2538 824 2598 in
836 2556 983 2599 vomeres
998 2536 1143 2619 gladios,
1173 2541 1246 2628 qui-

125 2633 186 2694 bus
205 2630 306 2693 animi
326 2631 423 2693 nostri
443 2643 537 2694 antea
558 2629 601 2693 ad
616 2632 701 2694 bella
713 2633 1152 2728 inserendaingerendasque
1168 2666 1245 2706 con-

125 2733 276 2795 tumelias
300 2734 492 2821 qtebantrtr3
521 2745 554 2795 et
575 2735 792 2800 convertimus
811 2735 846 2798 in
864 2737 962 2800 falces
983 2738 1112 2805 lanceas
1131 2746 1246 2831 quibus

88 2845 91 2849 '
127 2833 207 2903 olim
229 2834 304 2897 irati
323 2834 529 2897 feriebanrus.
572 2835 686 2922 Neque
700 2841 788 2901 enim
800 2840 865 2915 jam
878 2849 985 2901 contra
997 2854 1131 2919 gentem
1148 2847 1246 2908 ullam

126 2953 215 2994 arma
237 2936 396 3020 capimus,
423 2956 482 2998 nec
505 2935 628 2998 bellum
652 2957 762 3016 gerere
782 2935 946 3019 discimus,
979 2943 1058 3004 facti
1076 2945 1168 3030 pacis
1190 2947 1249 3008 titii

13 3096 18 3114 1
125 3052 184 3117 per
196 3032 322 3115 lesum,
350 3056 449 3120 quem
467 3035 629 3121 sequimur
648 3034 781 3117 ducem,
805 3039 923 3103 relictis
938 3041 1019 3122 illis,
1050 3044 1172 3127 quibus
1187 3044 1249 3108 ad-

125 3134 297 3209 haeserunt
317 3149 424 3221 patrer
439 3137 553 3216 nostri,
581 3146 614 3198 et
627 3137 682 3199 sub
701 3140 816 3225 quibus
829 3141 968 3227 hospites
982 3144 1248 3210 testamentorum

127 3254 265 3296 eramus·
275 3234 294 3267 ’³
353 3236 491 3317 „Celsus
510 3234 648 3323 quidem
668 3259 728 3301 nos
749 3239 896 3303 hortatur
922 3243 987 3320 (ib.
1007 3242 1102 3324 VIII,
1126 3258 1177 3312 73.
1198 3255 1246 3314 rt.

127 3356 160 3420 p.
179 3346 239 3401 796
254 3335 353 3423 sqq),
385 3353 421 3402 nt
436 3341 504 3421 regi
516 3341 591 3402 totis
603 3337 724 3402 viribus
741 3360 837 3426 opem
852 3342 1014 3426 feramus,
1038 3345 1075 3406 in
1092 3348 1250 3425 justorum

129 3439 200 3516 ejus
219 3435 366 3500 labornrn
383 3453 508 3525 partem
527 3437 715 3518 veniamus,
741 3461 829 3504 arma
847 3466 906 3530 pro
924 3446 981 3507 illo
1000 3447 1185 3533 capiamus,
1207 3462 1251 3532 et,

128 3537 154 3599 si
170 3538 214 3602 ita
228 3540 379 3625 postulat,
407 3541 464 3602 sub
479 3541 536 3601 illo
551 3539 728 3604 militemus
745 3553 864 3606 etcum
875 3544 933 3606 illo
948 3543 1105 3613 ducamus
1118 3554 1251 3615 exerci-

128 3648 209 3701 tum.
258 3637 315 3702 Ad
335 3641 415 3702 haec
438 3638 625 3720 dicendum,
660 3642 728 3722 regi
748 3662 807 3709 nos
823 3642 860 3704 in
878 3644 950 3709 loco
969 3648 1135 3734 suppetias
1153 3655 1250 3733 serre,

128 3736 184 3799 sed
198 3737 341 3820 divinas,
370 3739 500 3803 indutos
514 3753 674 3805 armatura
688 3741 769 3824 Dei,
796 3740 894 3829 idque
907 3746 1044 3811 facimus
1058 3753 1252 3836 apostolicae

27 3914 31 3921 ⁶
128 3838 201 3901 roci
216 3842 253 3925 (1
266 3789 351 3904 Tini.
365 3839 408 3920 11,
427 3854 453 3907 1.
470 3845 505 3920 2)
527 3842 803 3929 obtemperantes,
829 3856 862 3906 et
883 3869 946 3937 quo
965 3849 1036 3933 quis
1051 3853 1159 3933 magis
1176 3857 1253 3942 pie-

130 3949 196 4001 tate
217 3942 368 4025 praestat,
398 3963 437 4005 eo
456 3931 594 4009 validius
614 3944 774 4009 auxilium
794 3944 924 4025 regibus
942 3949 1005 4013 sert
1018 3953 1160 4040 plusque
1176 3960 1253 4022 sarit

131 4061 227 4125 quam
247 4053 362 4106 euntes
379 4043 413 4105 in
435 4045 534 4107 aciem
544 4044 692 4129 milites,
722 4069 777 4164 qur
768 4047 916 4128 hostes,
937 4063 1095 4139 quotquot
1110 4061 1250 4142 possunt,

132 4142 326 4207 nterltcinnt.
383 4143 552 4208 Praeterea
578 4147 643 4229 eis,
685 4151 740 4234 qui
760 4168 779 4212 n
802 4151 907 4215 nostra
927 4150 992 4216 lide
1014 4155 1113 4220 alieni
1135 4162 1250 4245 postn-
