2572 4770
769 57 773 66 ι

894 126 899 143 ,
989 92 999 138 i

752 148 758 162 Ι

390 266 563 363 origano
584 264 889 366 (nsoooogo).
1119 272 1196 347 cur

85 447 266 539 putentium
285 450 349 533 eit,
378 471 453 515 curn
471 471 537 514 non
550 453 615 531 ium
630 450 766 517 oruiiiori
778 450 884 516 anime
897 459 1006 517 utetur
1016 440 1197 517 indumen-

85 561 137 625 to,
164 548 220 612 iod
235 570 308 612 cum
320 548 354 613 tt
368 552 507 638 spiritate
523 551 673 615 effectum
691 571 734 613 ox
747 554 973 617 rerurrectione
988 550 1134 638 recipiet,
1160 564 1196 619 et

85 670 126 714 eo
139 651 365 715 vehementius
377 652 506 738 utique,
526 672 591 739 qun
601 652 745 716 subtilius
760 655 820 737 eit,
841 655 955 718 sentiet
969 654 1037 717 vim
1050 649 1196 717 doloriei‘

85 750 171 815 Puto
185 751 289 830 onim,
308 747 395 837 quod
409 763 528 837 queote
541 748 719 816 differente
731 754 778 817 eit
790 753 825 817 in
839 750 996 839 praesenti
1010 752 1115 814 recolo
1128 754 1211 814 nn-'

75 848 355 929 domuerbornri,
376 871 473 936 quern
483 852 649 928 restitum,
670 851 1106 940 udpersentiendumicilicet
1118 872 1198 927 cru-,·

86 951 225 1032 ciorum,
252 973 292 1015 eo
308 949 395 1036 quod
406 952 631 1018 vehementius
645 951 769 1016 nudum
787 973 900 1038 corpur
911 951 1050 1016 crucient
1062 954 1198 1016 verboru

85 1072 185 1138 quum
208 1053 375 1114 vestitum:
407 1062 533 1116 tuntum
559 1066 638 1141 puto
658 1056 800 1119 sutorum
823 1050 1038 1116 differentium
1064 1042 1197 1132 dolorie,

85 1173 161 1215 cum
184 1173 298 1238 corpne
316 1154 495 1217 homonum
514 1153 724 1220 creffitudinie
739 1154 836 1234 hujue
849 1152 1038 1217 indumento
1052 1149 1196 1238 depofito
1265 1218 1268 1225 ,

78 1253 179 1317 ¹volut
208 1249 338 1329 nudum,
362 1275 478 1341 corpue
506 1255 646 1343 coeperit
670 1256 824 1321 sustinere
848 1264 1035 1334 tormento„
1062 1256 1196 1335 (fragm.

86 1351 212 1418 comm.
234 1354 269 1415 in
290 1352 480 1421 1’o1m.v1·
501 1353 834 1435 set.tn1’r.v0t11,
857 1357 944 1437 680).
992 1350 1196 1435 ”Quomodo

85 1465 197 1517 uutom
214 1455 364 1531 vulnero,
394 1455 532 1543 quaein
553 1478 685 1543 corpore
701 1457 791 1536 iunt,
817 1455 910 1541 [nepe
928 1473 1028 1541 perro
1049 1466 1196 1541 tompore

85 1553 253 1636 occidunt,
280 1556 427 1621 medelae
446 1577 524 1622 vero
543 1558 717 1621 vulnerum
731 1578 804 1622 cum
820 1556 989 1621 tormentis
1003 1551 1197 1621 adhibentur

86 1655 271 1736 ingentibus
290 1679 355 1721 non
373 1655 708 1746 juxte'uequaIitetecn
725 1659 879 1744 temporie
901 1678 964 1744 quo
984 1655 1092 1719 illutuo
1112 1657 1197 1737 funt,

86 1754 143 1820 ied
160 1759 250 1836 juxte
269 1758 426 1822 cntionem
449 1758 635 1837 curationie3
667 1758 758 1821 verbi
780 1759 879 1838 gratia
903 1757 938 1820 in
960 1769 1078 1843 puncto
1096 1758 1198 1822 horre

86 1859 223 1920 fructura
242 1878 357 1922 munuc
376 1873 409 1923 et
425 1860 518 1947 pedie
531 1856 678 1922 contritio
690 1855 820 1938 occidit3
845 1859 907 1919 hoc
923 1854 1010 1943 quod
1020 1856 1055 1919 in
1068 1855 1197 1926 modico

85 1958 208 2021 fuctum
226 1960 289 2037 eit,
315 1962 478 2025 menfibue
497 1964 565 2024 iero
580 1960 682 2022 tribue
699 1978 734 2021 no
755 1959 851 2037 longo
866 1966 1012 2043 temporo
1030 1955 1086 2018 rix
1098 1976 1198 2021 cure-

87 2070 158 2138 tur3
184 2059 227 2120 fic
242 2069 276 2120 et
294 2059 444 2147 voluptas
463 2080 546 2147 quoe
567 2076 685 2123 nervon
701 2058 828 2123 unimue
841 2052 987 2134 succidit,
1011 2066 1044 2129 ut
1056 2057 1198 2140 luxurie,

88 2173 123 2223 et
140 2158 239 2221 remei
260 2160 406 2225 universe
428 2173 573 2249 peccate,
602 2178 676 2223 cunr
695 2159 848 2245 inpetro
866 2154 1013 2243 ternpore
1031 2154 1198 2222 infelicem

86 2261 230 2324 enimam
253 2259 426 2325 illexerunt
453 2274 487 2326 et
511 2259 554 2325 nd
579 2260 658 2324 vitiu
686 2264 867 2339 traxerunt,
907 2275 1061 2337 magnum
1086 2257 1198 2343 poiteu

88 2376 218 2448 tempor
237 2362 271 2424 in
290 2362 450 2449 suppliciis
469 2375 502 2427 et
521 2361 711 2426 cruciatibus
723 2370 973 2445 promerentur„
993 2358 1097 2438 (hom.
1112 2356 1159 2440 X,
1175 2364 1197 2427 4

87 2465 124 2530 in
136 2464 252 2527 Enoch.
273 2464 339 2526 vol.
353 2464 414 2545 III,
430 2464 517 2546 394),
544 2508 547 2513 -
565 2460 679 2542 ”iguis
698 2461 816 2524 scilicet
832 2461 885 2523 hic
898 2462 945 2523 eit
959 2458 1125 2540 retornus,
1153 2457 1199 2525 de

89 2587 154 2653 quo
172 2577 205 2628 et
224 2564 341 2628 Jefuioe
364 2563 441 2628 dicit
461 2565 497 2628 in
514 2564 580 2627 tine
599 2561 787 2648 prophetiae
804 2562 895 2626 iuuet
935 2559 1066 2625 Vermie
1084 2581 1199 2628 eorum

88 2692 156 2733 non
171 2667 324 2730 morietur
337 2676 370 2729 et
381 2665 464 2747 ignie
476 2686 590 2729 eorum
605 2686 670 2728 oon
680 2661 917 2745 exstinguitur„
934 2659 1075 2743 (Cotum.
1087 2663 1146 2727 ier.
1160 2662 1199 2728 iu

89 2770 205 2839 Matth.
226 2772 251 2852 t.
267 2781 317 2834 72.
340 2767 405 2830 vot.
418 2764 479 2846 ΠΙ,
501 2771 588 2849 ouo).

174 2870 288 2954 Neque
306 2879 415 2930 tamen
431 2884 544 2929 rereru
561 2867 614 2930 hic
634 2862 918 2930 condemnatorum
935 2861 1033 2926 statue
1052 2858 1148 2925 duret
1161 2862 1201 2929 in

88 2983 257 3038 ueternum
270 2966 327 3049 (de
334 2969 369 3030 vi
375 2968 463 3031 nocie
474 2957 610 3042 αἰώνιος
619 2969 722 3029 multu
735 2962 1122 3046 congoffitHuetiueOrig.
1138 2966 1199 3033 ii.

90 3098 145 3164 qu.
163 3086 210 3139 11.
227 3076 252 3155 i.
266 3083 318 3136 20.
331 3091 363 3155 p.
381 3081 439 3135 160
452 3070 544 3155 sqq.).
577 3066 707 3132 Decidit
720 3063 851 3152 quidem
864 3066 969 3128 noster
981 3065 1121 3146 homini,
1143 3065 1201 3154 qt'ri

90 3192 309 3240 nuncmorum
317 3169 577 3235 emendationem
584 3168 733 3248 negliget,
746 3184 877 3228 omnem
888 3166 1202 3253 renovationieipem

89 3272 338 3352 horo.XV111,t
352 3266 733 3349 interempturum,
751 3265 882 3345 ol.loc.;
902 3262 1072 3329 idemvero
1083 3266 1200 3337 eccli.

90 3378 339 3461 111‚79.p.t99‚
354 3373 394 3435 nl.
403 3372 553 3437 loc.henc
566 3365 752 3432 deeetecniu
763 3365 877 3452 poeuie
885 3363 1062 3430 doctrinam
1071 3365 1202 3433 dicititu

91 3484 156 3544 etse
169 3472 393 3566 proferendum
400 3484 530 3559 propter
539 3471 709 3534 hominum
718 3479 864 3554 peccota,
882 3467 1203 3554 mogieqnephiioio-

91 3581 186 3670 phice
198 3573 456 3656 intelligendam,
469 3573 672 3659 quomrulgo
681 3572 867 3655 proferatur.
901 3567 988 3656 Ipie,
1004 3567 1057 3629 ubi
1069 3587 1135 3629 non
1142 3589 1204 3653 pro
1272 3618 1275 3623 .

92 3683 245 3745 concione
257 3676 349 3757 dicit,
369 3675 467 3738 elium
481 3672 667 3760 opinionem
681 3670 781 3734 iuuet.
829 3670 920 3734 Deue
938 3667 1026 3733 enim
1042 3663 1084 3729 de
1102 3665 1203 3751 ipfiue

92 3783 246 3850 sententia
269 3800 336 3842 non
361 3777 473 3865 punit,
506 3774 566 3839 oifi
585 3786 622 3838 ut
641 3775 754 3838 liberet
773 3783 933 3838 creaturae
956 3791 975 3832 a
996 3766 1092 3831 vitiie.
1148 3764 1203 3831 De
1238 3846 1244 3855 ι

93 3884 193 3971 princ.
210 3882 254 3961 11,
271 3895 319 3960 10,
331 3868 366 3946 Ι6.
390 3901 422 3965 p.
438 3889 497 3944 102
520 3873 637 3938 dicitur
653 3871 823 3937 ”medicue
837 3872 941 3935 noster
953 3867 1062 3946 Deus,
1087 3866 1203 3933 volone

94 3983 218 4049 diluere
242 3982 320 4047 vitio
343 3980 523 4044 animorum
548 3978 741 4056 nostrorum,
774 3993 856 4060 quoe
882 3993 924 4035 ex
943 3978 1147 4056 peccatorum
1167 3975 1204 4034 et

93 4085 250 4152 [celerum
270 4082 450 4145 diverfitnte
475 4080 682 4160 collegerunt,
707 4075 755 4141 nti
776 4066 997 4156 hnjuecemodi
1015 4066 1205 4157 poenalibus

94 4187 195 4270 curie,
207 4185 335 4275 ioiuper
349 4182 448 4249 etiarn
458 4181 542 4268 igno
557 4181 678 4250 hiare
690 4177 879 4270 iuppiicium
889 4168 958 4256 hie,
970 4169 1027 4261 qui
1037 4166 1204 4251 [oninium
