2572 4770
360 100 364 105 ’
406 105 563 185 Clemens
585 100 830 197 (Theologia).
1098 110 1174 181 127

145 282 399 372 comprehendit
418 305 459 349 ea
476 285 648 369 Clemens,
677 305 760 371 quse
783 282 825 349 de
843 282 907 351 Dei
925 292 1039 347 natura
1055 281 1177 367 statuit,

57 384 251 470 augmenti,
296 385 382 474 quod
409 407 453 450 ex
480 386 656 469 Clementis
685 388 785 463 libro'
803 383 844 449 de
876 381 1079 470 providentia
1112 382 1176 450 da-

57 501 249 578 promptum
270 487 355 574 apud
376 485 614 551 lllaximumT.
628 487 671 552 ΙΙ
688 487 772 580 Opp.
796 486 912 564 legitur
930 489 995 572 (ap.
1009 485 1177 571 Potterupr
1248 556 1253 561 ,

60 590 529 702 p.1016lq),lrisceverbis:
556 578 1177 660 Ουσιαέσιινέιιιθεου,θεὸςουσίιι

726 675 903 765 ἀσώματόν
921 705 956 749 ιι
974 707 1032 750 και
1025 679 1176 773 ἀπερί-

60 807 209 877 γραφον,
231 786 364 849 καὶτῶν
378 776 480 848 όντων
495 780 603 850 αἴτιον
619 799 651 849 et
664 810 716 872 qu.
732 787 775 870 tq.
1162 806 1166 815 ·

146 888 438 967 D010mnilcientia
452 887 514 949 Dei
534 891 613 950 haec
629 886 704 949 dicit
720 886 780 950 Str.
798 884 858 965 VI,
875 899 923 964 17,
940 899 1019 954 821·
1052 888 1176 968 „Deus

25 991 154 1084 novit
176 990 299 1067 omnia,
329 1010 393 1049 non
409 990 510 1050 solum
531 1010 568 1051 ea
585 1010 667 1080 quae
680 988 768 1066 sunt,
788 985 843 1048 sed
858 988 955 1050 etiarn
968 1010 1050 1075 quae
1066 992 1176 1056 futura

25 1051 152 1170 lunt,
175 1101 214 1153 et
222 1102 258 1152 ut
273 1089 333 1151 erit
349 1088 617 1175 unumquodque
641 1103 673 1151 et
687 1109 742 1151 eos
757 1109 812 1172 qur
803 1089 899 1150 suut
911 1090 1085 1168 fingulares
1097 1112 1177 1157 tuo-
1227 1090 1232 1111 '

59 1189 341 1279 tuapraevidens,
365 1190 507 1253 intuetur
527 1191 634 1252 omnia
656 1202 688 1251 et
710 1191 817 1251 omnia
838 1172 985 1269 exaudit,
1007 1193 1177 1261 etnudan
1216 1240 1222 1250 .

59 1296 205 1358 animam
222 1291 374 1378 aspiciens
392 1292 595 1366 intrinsecus,
625 1291 871 1376 uniuscujusque
891 1292 988 1354 etiam
1010 1311 1052 1355 ex
1066 1294 1179 1374 liugu-

60 1395 184 1458 laribus
204 1404 366 1454 aeternam
380 1393 475 1453 habet
489 1391 751 1468 intelligentiam,
780 1403 812 1452 et
832 1390 918 1477 quod
934 1393 971 1453 fit
984 1392 1017 1452 in
1032 1394 1177 1480 theatris,

60 1508 95 1559 et
115 1493 313 1580 inpartibus
331 1493 377 1554 rei
397 1493 662 1577 uniuscujusque,
683 1491 895 1575 inspiciendo,
919 1494 1178 1580 circumspiciens

62 1594 105 1660 do
127 1606 160 1659 et
178 1595 273 1656 timul
293 1593 491 1679 aspiciendo,
524 1593 585 1655 hoc
609 1594 716 1654 evenit
738 1593 773 1652 iu
791 1591 872 1654 Deo.
920 1592 953 1657 Is
975 1597 1062 1659 enirn
1080 1600 1177 1665 timul

60 1699 173 1764 omnia
194 1707 292 1781 atque
309 1692 562 1779 unumquodque
586 1694 683 1754 etiam
703 1694 884 1771 singulatim
908 1697 1016 1780 aspicit
1033 1721 1098 1761 uno
1117 1703 1177 1777 in«,-

60 1797 191 1866 tuitu.”'
245 1794 358 1859 Bonus
392 1799 437 1857 eit
461 1796 550 1857 Deus
582 1807 712 1878 propter
741 1795 791 1870 ie,
833 1797 932 1872 jultus
960 1811 1090 1883 propter
1115 1823 1177 1869 ιιοι

62 1898 178 1983 (Paed.
194 1896 221 1978 Ι,
238 1910 268 1976 9,
285 1898 377 1978 150);
405 1896 583 1976 benignitas
607 1896 694 1956 enim
709 1893 771 1956 Dei
791 1895 836 1955 eit
852 1897 1045 1980 proprietas,
1071 1901 1177 1984 qualia

63 2005 151 2066 calor
163 1999 248 2079 ignis
269 2007 301 2059 et
315 1998 497 2058 illucescere
515 1995 594 2058 lucis
616 1994 692 2074 (Str.
706 1994 732 2072 Ι,
751 2007 800 2073 17,
819 1999 913 2075 569),
934 1997 978 2057 ita
992 2010 1117 2078 autem,
1139 2012 1178 2075 ut

62 2105 148 2186 iguis
162 2122 227 2162 non
242 2099 422 2160 voluntarie
437 2098 609 2176 calefaciat,
624 2096 712 2159 Deus
728 2098 907 2159 voluntarie
921 2099 1003 2159 bona
1015 2100 1178 2186 impertiat

62 2205 141 2288 (Str.
153 2198 231 2278 VII,
253 2213 281 2278 7,
303 2203 388 2275 855).
446 2199 588 2261 Maxime
616 2200 824 2259 memorabile
854 2197 894 2261 de
913 2198 976 2261 Dei
1001 2223 1110 2267 amore
1131 2208 1179 2270 est

64 2303 243 2373 Clementis
262 2300 410 2365 dictum
400 2322 433 2360 ru
450 2302 529 2360 libro
546 2297 627 2377 Quis
643 2297 732 2361 dives
748 2301 887 2361 salvetur
908 2323 974 2386 cap.
992 2314 1031 2368 37
1050 2328 1082 2390 p
1102 2318 1176 2391 955

62 2408 121 2472 ubi
135 2408 214 2469 haec
231 2402 323 2465 dicit.
344 2388 440 2463 ’Ἐστι
456 2398 563 2464 δὲκαὶ
578 2391 678 2473 αυτὸς
693 2391 1008 2484 δ’θεόςαγάπηκαι
1001 2401 1110 2470 ιΙιΗ
1091 2405 1180 2493 syci

63 2529 135 2594 πην
154 2496 232 2592 ἡμῖν
253 2494 413 2588 ἐθηράθη
436 2504 642 2580 (vocabulum
660 2493 818 2586 ἐθηράθη
837 2501 1031 2573 NeanderS.
1048 2511 1090 2575 V
1107 2511 1180 2577 Ge..

63 2623 131 2675 net.
146 2609 254 2672 Entw.
271 2606 328 2667 der
340 2606 438 2684 girolt.
456 2603 516 2683 syr
516 2616 555 2680 t.,
577 2604 632 2664 ubi
647 2605 732 2665 liunc
749 2606 853 2664 locum
866 2603 977 2686 tradit,
999 2631 1030 2693 p.
1047 2623 1107 2678 209
1122 2615 1181 2681 in..¹

63 2718 274 2805 terpretatur:
302 2705 464 2781 Venulige
483 2705 584 2766 leiner
598 2704 698 2767 Liebe
717 2704 754 2765 ist
770 2726 804 2766 er
818 2727 883 2766 von
899 2729 959 2769 uns
975 2714 1074 2791 erjagt
1087 2724 1182 2783 ποις,

66 2810 149 2890 dett,
179 2808 278 2871 durch
295 2807 380 2869 seiae
395 2804 618 2867 mittheileude
631 2804 733 2867 Licbe
747 2807 802 2867 hat
816 2827 850 2867 er
864 2808 930 2870 fich
947 2831 1007 2872 uns
1022 2816 1104 2877 nahe
1120 2832 1183 2896 got

63 2914 194 2993 bracht3
227 2909 282 2973 led
305 2907 412 2984 addit,
442 2918 570 3021 propter
591 2904 750 2990 lecprentia
773 2912 900 2970 sortalle
920 2905 1095 3001 ttqtdvop
1118 2922 1184 2985 elle

64 3011 262 3097 legendum)
291 3009 347 3072 καὶ
375 3005 415 3072 τὸ
445 3009 506 3087 μέν
534 2994 677 3091 ἷίὀζιιιον
701 3002 823 3082 αὐτοῦ,
850 3004 979 3095 πατήρ
1013 3007 1054 3079 τό
1073 3012 1164 3084 δὲ’
1135 3040 1187 3097 εις

66 3107 156 3202 ἡμᾶς
176 3110 355 3231 σιιμπαθές
375 3107 486 3231 ys'pove
501 3101 627 3192 μήτηρ
660 3100 839 3226 αγαιιισιις
863 3103 881 3173 ὁ
904 3105 1017 3200 πατήρ
1037 3110 1187 3204 zapti„

66 3217 134 3303 θη,
162 3215 220 3279 καὶ
241 3204 362 3276 τούτου
378 3211 463 3295 μέγα
486 3211 637 3292 σνμιῖον,
660 3198 698 3272 ‘civ
715 3201 816 3283 αὐτὸς
834 3206 984 3298 γέννησιν
997 3208 1059 3292 ἐξ
1046 3219 1186 3284 εαυτοῦ·

67 3317 126 3381 καὶ
151 3304 170 3381 ὃ
193 3306 359 3394 vex-‘luc
345 3310 384 3390 εξ
400 3303 531 3395 ἀγάπης
549 3304 696 3394 καρπὸς,
728 3301 854 3396 ἀγάπη.
900 3315 960 3378 llis
982 3321 1088 3381 verbis
1108 3319 1188 3383 Gle-

10 3470 13 3509 ;
67 3438 160 3511 mens
182 3418 242 3479 hoc
263 3421 330 3478 l'ere
350 3417 438 3477 vult.
472 3414 526 3472 Ab
548 3414 820 3475 occultonumine
848 3412 958 3479 divino
981 3415 1187 3499 distinguitur
1217 3416 1222 3427 ’

68 3540 160 3584 amor
178 3517 326 3597 divinus,
356 3517 411 3602 qui
432 3514 554 3576 revelat
577 3525 608 3574 et
632 3514 860 3594 communicat,
886 3529 1037 3604 tanquam
1049 3519 1188 3593 semini-2

69 3642 164 3700 num;
192 3622 254 3682 hoc
271 3628 574 3696 amorecommotus
588 3615 677 3678 Deus
693 3616 792 3678 vitam
807 3619 895 3680 suam
911 3619 1053 3691 divinam
1073 3639 1115 3681 ex
1132 3621 1189 3683 ia-

69 3723 202 3809 metiplo
230 3743 303 3784 cum
327 3720 549 3805 periectillirna
575 3718 621 3779 lui
645 3717 742 3804 iplius
766 3719 904 3799 imagine
929 3721 1188 3804 communicavit,
1244 3744 1248 3751 ’

69 3814 176 3908 λόγῳ,
187 3843 246 3911 per
258 3842 354 3908 quem
364 3819 453 3882 Deus
470 3840 581 3881 amans
594 3819 693 3882 vitam
706 3819 992 3905 felicitatemque
966 3839 1045 3881 circa
1058 3821 1089 3882 le
1104 3840 1190 3906 praa

68 3935 175 4010 pagat,
188 3946 244 4010 qur
233 3921 478 4010 perfectiffima
491 3920 719 4005 noviffimaque
733 3918 835 3983 divini
851 3921 939 3982 illius
951 3921 1076 3985 amoris
1083 3943 1187 4017 rere--¹

69 4016 144 4091 tucio
159 4026 223 4108 eit,
250 4028 402 4110 cujusque
417 4022 515 4106 igitur
526 4022 712 4088 universum
724 4043 847 4088 numen
858 4039 968 4087 amore
984 4022 1191 4113 continetutg,
