2572 4770
358 254 528 411 dirigente
553 313 842 411 (Chripiosogio).
1081 325 1158 398 m

59 522 133 582 nno,
153 498 213 563 ille
225 462 303 563 vero
315 511 420 564 morte
433 500 488 562 sua
501 500 639 585 pretium
653 497 884 587 redemptionis
898 496 1005 580 dedit,
1035 524 1160 591 noeque

59 604 115 667 leo
128 601 354 666 reconciliavit.
395 602 557 680 '‚,Nihil'’,
579 601 624 664 ait
636 600 751 667 oceli.
763 600 840 679 vil,
857 614 906 669 17.
923 624 954 689 p.
970 615 1047 683 706,
1064 609 1159 685 „eb-

59 702 173 770 nrdum
190 704 235 765 est
247 702 415 764 hominem
429 704 493 765 esse
505 715 687 781 mortuum,
717 713 750 764 et
770 705 839 783 ejue
853 717 992 769 mortem
1008 705 1074 769 eise
1090 729 1159 773 uon
1265 732 1267 736 ’

59 804 141 870 nodo
154 805 341 888 exemplum
356 804 467 867 mortio
479 823 537 888 pro
549 803 669 889 pietate
683 800 869 882 obeundae,
883 802 950 867 -sed
963 806 1060 870 etiarn
1076 829 1159 871 cau-

59 914 234 991 tm,'quae
255 904 361 990 coepit
379 915 412 965 et
431 903 535 990 pergit
554 924 650 989 porro
670 904 840 989 profligare
863 908 986 969 malurn
1003 907 1099 973 iilum
1122 920 1157 973 et

59 1007 225 1082 tiebolum,
253 1005 309 1091 qui
329 1005 387 1067 fibi
407 1017 525 1066 terram
540 1006 722 1067 universam
736 1007 918 1083 subjecerat.
927 1006 946 1038 ’'
989 1006 1039 1073 Cs.
1052 1008 1088 1071 in
1101 1029 1156 1095 ep.
1268 1066 1275 1079 ,

61 1106 191 1173 dRom.
204 1104 311 1170 L.IV.
332 1106 398 1168 vol.
408 1104 467 1184 IV,
482 1111 541 1175 ste
553 1106 596 1191 sq.
640 1104 769 1169 ”Video
781 1108 885 1185 (hom.
898 1102 963 1185 Vl,
974 1120 993 1174 9
1005 1106 1155 1173 inExtod.

59 1213 106 1276 ol.
119 1209 164 1290 11,
181 1212 275 1289 150),
301 1208 375 1292 qnia
389 1207 451 1270 Dei
471 1204 602 1292 quidem
621 1198 764 1269 creature
776 1228 888 1271 omnes
901 1209 1028 1287 sumne,
1050 1228 1158 1279 unvita

59 1314 176 1401 ,aitqua
195 1331 274 1375 vero
299 1309 434 1394 peccatis
453 1308 519 1369 suia
538 1306 760 1386 venundatur,
793 1320 826 1371 et
853 1328 911 1395 pro
934 1309 1157 1395 iniquitatibus

59 1416 104 1479 uie
119 1436 139 1477 a
158 1413 286 1500 proprio
301 1421 441 1471 creatore
457 1406 600 1470 discedit.
650 1408 713 1472 Dei
735 1410 833 1490 igiter
852 1412 962 1473 surnua
982 1409 1158 1477 secundum

59 1513 185 1600 nodab
204 1535 243 1576 eo
265 1512 361 1575 creati
383 1513 502 1574 sumus.
555 1510 670 1573 Effecti
687 1533 764 1575 vero
785 1514 894 1575 sumne
918 1510 1000 1573 servi
1024 1509 1155 1590 diaboli,

59 1615 214 1681 erundum
237 1611 322 1701 quod
347 1611 484 1697 peccatis
506 1611 619 1673 nostrie
638 1611 814 1675 venundati
835 1614 954 1675 sutrina.
1009 1612 1157 1698 Veniens

59 1729 148 1779 utem
164 1714 305 1780 Christus
319 1712 456 1775 redemit
466 1732 547 1790 noa,
573 1732 646 1774 cum
660 1712 851 1776 serviremus
870 1714 918 1775 ilii
932 1712 1081 1795 domino,
1104 1714 1158 1783 oni

59 1828 168 1882 ‚oernet
182 1817 265 1901 ipsos
284 1812 443 1902 peccando
460 1810 675 1877 vendidimus.
723 1812 765 1875 Et
788 1813 834 1875 ita
854 1812 983 1875 videtur
1002 1825 1157 1900 tanquam

59 1940 113 1983 noa
129 1916 261 2003 quidem
276 1919 450 2003 recepisse,
478 1936 560 2001 quos
578 1924 755 1990 creaverat,
783 1924 935 1997 tanquam
951 1915 1074 1977 alienos
1092 1938 1158 1985 att-
1189 1972 1198 1990 ,

59 2040 107 2082 em
130 2020 307 2104 acquisisse,
335 2019 408 2103 quia
428 2019 570 2080 alienum
584 2017 640 2079 sibi
656 2013 823 2077 dominum
835 2016 901 2077 sive
916 2012 1068 2095 errando,
1088 2017 1156 2081 sive
1263 2016 1267 2025 '

59 2118 201 2184 eccando
221 2120 449 2206 quaesiverant.
497 2118 539 2181 Et
558 2118 686 2179 fortasse
707 2126 792 2178 recte
812 2113 944 2200 quidem
964 2114 1079 2180 dicitur
1097 2137 1157 2181 re-

61 2225 172 2287 emisse
189 2244 248 2284 nos
261 2221 420 2298 Christus,
441 2220 497 2307 qui
510 2221 651 2307 pretium
666 2219 761 2281 nostri
774 2218 960 2298 sanguinem
978 2217 1071 2281 suum
1090 2215 1158 2280 de·-

61 2326 127 2403 tt„
171 2311 281 2385 Ἦλθε
303 2316 368 2407 γὰρ
382 2312 511 2403 Ἰησοῦς
528 2318 659 2399 (Setae.
684 2319 718 2380 in
731 2317 853 2383 Thren.
874 2342 942 2407 cap.
957 2330 986 2385 1.
1015 2321 1079 2382 vol.
1093 2317 1156 2400 ΠΙ,

60 2427 120 2505 21)
141 2415 311 2508 ἐξαγαγεῖν
328 2416 367 2485 ἐκ
389 2419 519 2503 δεσμῶν
535 2415 748 2500 δεδεμένους,
768 2414 807 2497 ἐξ
820 2409 915 2485 οἴκου
927 2419 1079 2506 φυλακῆς
1089 2440 1157 2486 κει-ι
1209 2490 1217 2499 ᾗ

59 2521 211 2615 εημένους
230 2518 265 2587 ἐν
281 2515 405 2586 σκότει.
458 2521 574 2602 „Inter
595 2523 766 2585 hominurn
785 2541 887 2602 genua
907 2522 961 2603 (T.
975 2522 1070 2603 XVI,
1085 2536 1105 2591 8
1120 2525 1158 2589 in

59 2629 157 2696 [etth.
172 2629 237 2690 vol.
253 2623 312 2702 111,
329 2624 620 2703 remanaverunt
635 2624 699 2702 est,
721 2636 758 2685 nt
771 2625 980 2703 ministraret,
995 2635 1029 2687 et
1040 2646 1080 2688 eo
1096 2648 1158 2691 ue-

60 2752 103 2797 ue
116 2729 208 2796 saluti
224 2727 347 2790 nostrae
358 2724 535 2787 inserviens
552 2722 754 2812 procederet,
779 2737 815 2787 ut
826 2726 976 2789 animam
991 2728 1080 2789 suam
1094 2749 1155 2813 pro

59 2832 171 2910 initia,
191 2828 293 2917 quiin
308 2828 339 2888 ie
354 2823 569 2902 crediderant,
591 2822 823 2911 redemptionis
834 2827 975 2912 pretium
992 2823 1101 2907 daret,
1121 2839 1157 2893 et

59 2966 80 3014 ;,
99 2944 137 2996 nt
149 2933 211 2995 hoc
224 2948 398 3016 ponamus,
412 2926 572 2989 omnes-in
586 2946 662 2987 enm
671 2925 894 3007 credidissent,
912 2927 1052 2991 enimam
1065 2929 1156 2994 suam

59 3036 150 3123 tique
172 3030 403 3116 redemptionis
419 3027 558 3114 pretium
575 3048 633 3111 pro
651 3028 802 3089 omnibus
822 3018 966 3092 dedisset.
1017 3027 1156 3115 Cuinanr

59 3148 148 3201 ntem
166 3134 307 3197 animam
321 3132 409 3192 suam
424 3122 654 3214 redemptionis
667 3128 808 3213 pretium
829 3148 887 3214 pro
909 3131 1022 3195 multia
1038 3130 1155 3195 dedit?

59 3244 104 3302 en'
122 3235 213 3300 enim
230 3228 323 3313 Deo;
345 3226 518 3318 numquid
536 3226 761 3310 igituriilalo?
788 3229 816 3291 ia
835 3229 923 3291 enim
942 3232 977 3294 in
998 3237 1156 3319 potestate

59 3358 91 3403 re
104 3356 167 3401 noe
180 3334 309 3413 habuit,
336 3330 439 3395 donec
462 3351 521 3417 pro
543 3328 774 3415 redemptionis
791 3328 938 3394 mercede
959 3335 1153 3400 animatam

60 3451 169 3503 arator
182 3435 241 3523 ipsi
259 3433 412 3519 decepto,
441 3432 529 3518 quasi
551 3433 639 3494 iliius
660 3430 755 3518 potiri
776 3433 896 3515 posset,
922 3452 983 3496 nec
1001 3434 1157 3499 animad-

59 3538 178 3605 attenti
202 3539 235 3599 se
259 3536 416 3598 cruciatur
442 3533 477 3594 in
500 3553 538 3595 ea
557 3528 723 3596 retinenda
741 3529 892 3595 ferendos
913 3534 1067 3598 sustinere
1086 3557 1155 3601 non

59 3642 150 3706 osse.'
194 3635 415 3718 Quamobrem
442 3636 531 3697 inore
554 3654 630 3695 eum
653 3633 790 3717 imperio
815 3635 1055 3716 snosnbjecisse
1074 3640 1153 3721 vise,

59 3740 172 3829 nnipsr
186 3739 325 3824 amplius
343 3758 406 3799 non
422 3738 575 3835 imperat,
598 3754 670 3795 cum
682 3736 787 3796 factus
802 3734 840 3796 sit
855 3736 938 3800 inter
951 3752 1097 3806 mortuos
1108 3741 1156 3806 ti-

59 3862 113 3924 ttr,
132 3853 167 3907 et
180 3839 292 3904 mortis
309 3840 463 3923 potestate
476 3834 628 3915 validior,
658 3852 761 3920 eoque
775 3834 927 3917 validior,
948 3852 985 3901 ut
998 3862 1074 3905 eum
1088 3866 1157 3930 po-

59 3945 158 4007 nerint
171 3940 274 4026 sequi,
296 3938 477 4025 quicunque
494 3958 536 4001 ex
550 3938 607 4014 iis,
629 3958 709 4022 quoe
724 3939 926 4023 superaverat
937 3958 1043 4018 mora,
1064 3944 1155 4029 sequi

59 4058 120 4109 ttttt-
131 4044 324 4121 voluerunt,
356 4042 478 4103 mulsam
501 4037 651 4101 adversus
671 4059 727 4101 eos
747 4041 936 4124 potestatem
953 4050 1058 4103 morte
1076 4062 1155 4107 am·-

59 4142 122 4225 idta
140 4144 324 4221 obtinente3
357 4142 540 4228 quicunque
561 4140 654 4203 enim
669 4143 715 4203 est
733 4161 807 4203 cum
824 4140 915 4218 iesu,
943 4153 1081 4205 emorte
1093 4143 1153 4208 in..

59 4240 189 4314 tattnoa
200 4244 317 4334 potet·
327 4290 336 4309 .
346 4276 361 4306 ·.
408 4240 548 4307 Pretiosa
564 4242 723 4325 erotem
739 4241 891 4326 engone
905 4240 1157 4332 ”pfl-lump
