<?xml version="1.0" encoding="UTF-8"?>
<!DOCTYPE html PUBLIC "-//W3C//DTD XHTML 1.0 Transitional//EN"
    "http://www.w3.org/TR/xhtml1/DTD/xhtml1-transitional.dtd">
<html xmlns="http://www.w3.org/1999/xhtml" xml:lang="en" lang="en">
 <head>
  <title>
</title>
<meta http-equiv="Content-Type" content="text/html;charset=utf-8" />
  <meta name='ocr-system' content='tesseract 3.04.00' />
  <meta name='ocr-capabilities' content='ocr_page ocr_carea ocr_par ocr_line ocrx_word'/>
</head>
<body>
  <div class='ocr_page' id='page_1' title='image "./descholaquaeale00guergoog/descholaquaeale00guergoog_0437.png"; bbox 0 0 2572 4770; ppageno 0'>
   <div class='ocr_carea' id='block_1_1' title="bbox 127 265 921 363">
    <p class='ocr_par' dir='ltr' id='par_1_1' title="bbox 127 265 921 363">
     <span class='ocr_line' id='line_1_1' title="bbox 127 265 921 363; baseline -0.024 -7"><span class='ocrx_word' id='word_1_1' title='bbox 127 290 206 355; x_wconf 79' lang='lat'><strong>290</strong></span> <span class='ocrx_word' id='word_1_2' title='bbox 454 269 543 363; x_wconf 81' lang='lat' dir='ltr'><strong>cap.</strong></span> <span class='ocrx_word' id='word_1_3' title='bbox 566 268 640 339; x_wconf 82' lang='grc' dir='ltr'><strong><em>ΙΙΙ.</em></strong></span> <span class='ocrx_word' id='word_1_4' title='bbox 688 265 921 361; x_wconf 77' lang='lat' dir='ltr'><strong>Dogmotica.</strong></span> 
     </span>
    </p>
   </div>
   <div class='ocr_carea' id='block_1_2' title="bbox 42 444 1247 4285">
    <p class='ocr_par' dir='ltr' id='par_1_2' title="bbox 42 444 1247 4285">
     <span class='ocr_line' id='line_1_2' title="bbox 125 444 1247 539; baseline -0.009 -16"><span class='ocrx_word' id='word_1_5' title='bbox 125 460 217 525; x_wconf 78' lang='lat' dir='ltr'><strong>ribus</strong></span> <span class='ocrx_word' id='word_1_6' title='bbox 234 456 269 519; x_wconf 89' lang='lat' dir='ltr'><strong>in</strong></span> <span class='ocrx_word' id='word_1_7' title='bbox 288 470 420 539; x_wconf 87' lang='lat' dir='ltr'><strong>corpora</strong></span> <span class='ocrx_word' id='word_1_8' title='bbox 431 447 639 531; x_wconf 74' lang='lat' dir='ltr'><strong>migratione,</strong></span> <span class='ocrx_word' id='word_1_9' title='bbox 663 444 719 511; x_wconf 88' lang='lat' dir='ltr'><strong>sed</strong></span> <span class='ocrx_word' id='word_1_10' title='bbox 733 446 935 533; x_wconf 85' lang='lat' dir='ltr'><strong>quiescimus</strong></span> <span class='ocrx_word' id='word_1_11' title='bbox 948 446 1111 528; x_wconf 80' lang='lat' dir='ltr'><strong>animem,</strong></span> <span class='ocrx_word' id='word_1_12' title='bbox 1132 458 1247 513; x_wconf 79' lang='lat' dir='ltr'><strong>natura</strong></span> 
     </span>
     <span class='ocr_line' id='line_1_3' title="bbox 124 550 1245 642; baseline -0.007 -22"><span class='ocrx_word' id='word_1_13' title='bbox 124 560 348 642; x_wconf 78' lang='lat' dir='ltr'><strong>incorpoream</strong></span> <span class='ocrx_word' id='word_1_14' title='bbox 365 564 400 616; x_wconf 86' lang='lat' dir='ltr'><strong>et</strong></span> <span class='ocrx_word' id='word_1_15' title='bbox 411 550 621 630; x_wconf 83' lang='lat' dir='ltr'><strong>invisibilem,</strong></span> <span class='ocrx_word' id='word_1_16' title='bbox 652 550 687 611; x_wconf 91' lang='lat' dir='ltr'><strong>in</strong></span> <span class='ocrx_word' id='word_1_17' title='bbox 699 550 790 612; x_wconf 91' lang='lat' dir='ltr'><strong>nullo</strong></span> <span class='ocrx_word' id='word_1_18' title='bbox 805 571 959 636; x_wconf 89' lang='lat' dir='ltr'><strong>corporeo</strong></span> <span class='ocrx_word' id='word_1_19' title='bbox 978 551 1146 613; x_wconf 85' lang='lat' dir='ltr'><strong>consistere</strong></span> <span class='ocrx_word' id='word_1_20' title='bbox 1164 551 1245 629; x_wconf 87' lang='lat' dir='ltr'><strong>loce,</strong></span> 
     </span>
     <span class='ocr_line' id='line_1_4' title="bbox 125 648 1245 748; baseline -0.008 -26"><span class='ocrx_word' id='word_1_21' title='bbox 125 660 207 748; x_wconf 87' lang='lat' dir='ltr'><strong>quin</strong></span> <span class='ocrx_word' id='word_1_22' title='bbox 229 655 374 736; x_wconf 82' lang='lat' dir='ltr'>indigeat</span> <span class='ocrx_word' id='word_1_23' title='bbox 396 672 528 737; x_wconf 88' lang='lat' dir='ltr'><strong>corpore</strong></span> <span class='ocrx_word' id='word_1_24' title='bbox 552 650 593 712; x_wconf 91' lang='lat' dir='ltr'><strong>ad</strong></span> <span class='ocrx_word' id='word_1_25' title='bbox 614 662 762 713; x_wconf 89' lang='lat' dir='ltr'><strong>naturam</strong></span> <span class='ocrx_word' id='word_1_26' title='bbox 786 648 876 713; x_wconf 88' lang='lat' dir='ltr'><strong>illius</strong></span> <span class='ocrx_word' id='word_1_27' title='bbox 901 651 964 712; x_wconf 88' lang='lat' dir='ltr'><strong>loci</strong></span> <span class='ocrx_word' id='word_1_28' title='bbox 985 650 1245 730; x_wconf 73' lang='lat' dir='ltr'><strong>accommodat03</strong></span> 
     </span>
     <span class='ocr_line' id='line_1_5' title="bbox 127 750 1246 847; baseline -0.005 -25"><span class='ocrx_word' id='word_1_29' title='bbox 127 757 216 847; x_wconf 76' lang='lat' dir='ltr'><strong>quod</strong></span> <span class='ocrx_word' id='word_1_30' title='bbox 241 777 356 841; x_wconf 85' lang='lat' dir='ltr'><strong>corpus</strong></span> <span class='ocrx_word' id='word_1_31' title='bbox 379 752 478 816; x_wconf 89' lang='lat' dir='ltr'><strong>modo</strong></span> <span class='ocrx_word' id='word_1_32' title='bbox 498 750 629 837; x_wconf 84' lang='lat' dir='ltr'><strong>quidem</strong></span> <span class='ocrx_word' id='word_1_33' title='bbox 643 753 768 831; x_wconf 68' lang='lat' dir='ltr'><strong>gestu,</strong></span> <span class='ocrx_word' id='word_1_34' title='bbox 801 762 901 813; x_wconf 79' lang='lat' dir='ltr'><strong>exuto</strong></span> <span class='ocrx_word' id='word_1_35' title='bbox 921 752 1020 836; x_wconf 91' lang='lat' dir='ltr'><strong>priori</strong></span> <span class='ocrx_word' id='word_1_36' title='bbox 1041 751 1140 837; x_wconf 69' lang='lat' dir='ltr'><strong>quod.</strong></span> <span class='ocrx_word' id='word_1_37' title='bbox 1152 764 1246 816; x_wconf 80' lang='lat' dir='ltr'><strong>antee</strong></span> 
     </span>
     <span class='ocr_line' id='line_1_6' title="bbox 125 848 1245 942; baseline -0.009 -16"><span class='ocrx_word' id='word_1_38' title='bbox 125 857 352 934; x_wconf 78' lang='lat' dir='ltr'><strong>necessarium,</strong></span> <span class='ocrx_word' id='word_1_39' title='bbox 372 858 480 942; x_wconf 86' lang='lat' dir='ltr'><strong>postea</strong></span> <span class='ocrx_word' id='word_1_40' title='bbox 495 852 611 916; x_wconf 89' lang='lat' dir='ltr'><strong>inutile</strong></span> <span class='ocrx_word' id='word_1_41' title='bbox 623 852 676 931; x_wconf 81' lang='lat' dir='ltr'><strong>fit3</strong></span> <span class='ocrx_word' id='word_1_42' title='bbox 698 848 797 914; x_wconf 83' lang='lat' dir='ltr'><strong>modo</strong></span> <span class='ocrx_word' id='word_1_43' title='bbox 809 864 919 913; x_wconf 89' lang='lat' dir='ltr'><strong>autem</strong></span> <span class='ocrx_word' id='word_1_44' title='bbox 931 854 1024 937; x_wconf 88' lang='lat' dir='ltr'><strong>super</strong></span> <span class='ocrx_word' id='word_1_45' title='bbox 1036 852 1136 932; x_wconf 91' lang='lat' dir='ltr'><strong>illud,</strong></span> <span class='ocrx_word' id='word_1_46' title='bbox 1159 851 1245 940; x_wconf 89' lang='lat' dir='ltr'><strong>quod</strong></span> 
     </span>
     <span class='ocr_line' id='line_1_7' title="bbox 126 936 1244 1051; baseline -0.008 -25"><span class='ocrx_word' id='word_1_47' title='bbox 126 963 217 1051; x_wconf 84' lang='lat' dir='ltr'><strong>prius</strong></span> <span class='ocrx_word' id='word_1_48' title='bbox 230 960 385 1036; x_wconf 88' lang='lat' dir='ltr'><strong>habebat,</strong></span> <span class='ocrx_word' id='word_1_49' title='bbox 405 954 549 1017; x_wconf 84' lang='lat' dir='ltr'><strong>induitur</strong></span> <span class='ocrx_word' id='word_1_50' title='bbox 559 936 711 1031; x_wconf 84' lang='lat' dir='ltr'><strong>meliore,</strong></span> <span class='ocrx_word' id='word_1_51' title='bbox 736 972 801 1037; x_wconf 88' lang='lat' dir='ltr'><strong>quo</strong></span> <span class='ocrx_word' id='word_1_52' title='bbox 815 950 956 1032; x_wconf 77' lang='lat' dir='ltr'><strong>indiget,</strong></span> <span class='ocrx_word' id='word_1_53' title='bbox 983 952 1074 1017; x_wconf 82' lang='lat' dir='ltr'><strong>ulad</strong></span> <span class='ocrx_word' id='word_1_54' title='bbox 1087 957 1244 1041; x_wconf 75' lang='lat' dir='ltr'><strong>puriores,</strong></span> 
     </span>
     <span class='ocr_line' id='line_1_8' title="bbox 42 1050 1245 1143; baseline -0.003 -20"><span class='ocrx_word' id='word_1_55' title='bbox 42 1070 45 1075; x_wconf 87' lang='lat'>&#39;</span> <span class='ocrx_word' id='word_1_56' title='bbox 124 1063 295 1129; x_wconf 75' lang='lat' dir='ltr'><strong>aethereos</strong></span> <span class='ocrx_word' id='word_1_57' title='bbox 318 1058 532 1141; x_wconf 87' lang='lat' dir='ltr'><strong>coelestesque</strong></span> <span class='ocrx_word' id='word_1_58' title='bbox 552 1056 641 1116; x_wconf 90' lang='lat' dir='ltr'><strong>locos</strong></span> <span class='ocrx_word' id='word_1_59' title='bbox 661 1050 854 1136; x_wconf 72' lang='lat' dir='ltr'><strong>perveniat&#39;’</strong></span> <span class='ocrx_word' id='word_1_60' title='bbox 878 1064 911 1114; x_wconf 93' lang='lat' dir='ltr'><strong>et</strong></span> <span class='ocrx_word' id='word_1_61' title='bbox 930 1074 983 1138; x_wconf 91' lang='lat' dir='ltr'><strong>qu.</strong></span> <span class='ocrx_word' id='word_1_62' title='bbox 999 1054 1046 1143; x_wconf 90' lang='lat' dir='ltr'><strong>sq.</strong></span> <span class='ocrx_word' id='word_1_63' title='bbox 1095 1056 1245 1143; x_wconf 84' lang='lat' dir='ltr'><strong>Denique</strong></span> 
     </span>
     <span class='ocr_line' id='line_1_9' title="bbox 126 1152 1243 1240; baseline -0.003 -15"><span class='ocrx_word' id='word_1_64' title='bbox 126 1164 238 1231; x_wconf 77' lang='lat' dir='ltr'><strong>celim</strong></span> <span class='ocrx_word' id='word_1_65' title='bbox 254 1163 298 1240; x_wconf 86' lang='lat' dir='ltr'><strong>(c.</strong></span> <span class='ocrx_word' id='word_1_66' title='bbox 314 1157 394 1223; x_wconf 84' lang='lat' dir='ltr'><strong>Geli.</strong></span> <span class='ocrx_word' id='word_1_67' title='bbox 408 1155 499 1235; x_wconf 87' lang='lat' dir='ltr'>v111‚</span> <span class='ocrx_word' id='word_1_68' title='bbox 517 1163 568 1222; x_wconf 76' lang='lat'><strong>49.</strong></span> <span class='ocrx_word' id='word_1_69' title='bbox 590 1175 622 1238; x_wconf 88' lang='lat' dir='ltr'><strong>p.</strong></span> <span class='ocrx_word' id='word_1_70' title='bbox 639 1156 714 1232; x_wconf 78' lang='lat'>777)</span> <span class='ocrx_word' id='word_1_71' title='bbox 733 1152 814 1215; x_wconf 87' lang='lat' dir='ltr'><strong>baec</strong></span> <span class='ocrx_word' id='word_1_72' title='bbox 832 1154 931 1215; x_wconf 79' lang='lat' dir='ltr'><strong>rerba</strong></span> <span class='ocrx_word' id='word_1_73' title='bbox 943 1156 1085 1221; x_wconf 78' lang='lat' dir='ltr'><strong>fecerat:</strong></span> <span class='ocrx_word' id='word_1_74' title='bbox 1119 1156 1243 1237; x_wconf 84' lang='lat' dir='ltr'><strong>„Quo-</strong></span> 
     </span>
     <span class='ocr_line' id='line_1_10' title="bbox 125 1251 1243 1344; baseline -0.005 -18"><span class='ocrx_word' id='word_1_75' title='bbox 125 1259 227 1331; x_wconf 84' lang='lat' dir='ltr'><strong>modo</strong></span> <span class='ocrx_word' id='word_1_76' title='bbox 248 1282 316 1322; x_wconf 92' lang='lat' dir='ltr'><strong>non</strong></span> <span class='ocrx_word' id='word_1_77' title='bbox 333 1255 467 1321; x_wconf 84' lang='lat' dir='ltr'><strong>absurda</strong></span> <span class='ocrx_word' id='word_1_78' title='bbox 487 1258 567 1319; x_wconf 90' lang='lat' dir='ltr'><strong>baec</strong></span> <span class='ocrx_word' id='word_1_79' title='bbox 579 1254 701 1332; x_wconf 81' lang='lat' dir='ltr'><strong>vestra,</strong></span> <span class='ocrx_word' id='word_1_80' title='bbox 732 1251 775 1317; x_wconf 85' lang='lat' dir='ltr'><strong>ad</strong></span> <span class='ocrx_word' id='word_1_81' title='bbox 791 1274 906 1339; x_wconf 88' lang='lat' dir='ltr'><strong>corpus</strong></span> <span class='ocrx_word' id='word_1_82' title='bbox 921 1253 1097 1341; x_wconf 89' lang='lat' dir='ltr'><strong>adspirare,</strong></span> <span class='ocrx_word' id='word_1_83' title='bbox 1121 1270 1157 1320; x_wconf 85' lang='lat' dir='ltr'><strong>et</strong></span> <span class='ocrx_word' id='word_1_84' title='bbox 1172 1261 1243 1344; x_wconf 89' lang='lat' dir='ltr'><strong>spe-</strong></span> 
     </span>
     <span class='ocr_line' id='line_1_11' title="bbox 124 1356 1242 1443; baseline -0.002 -19"><span class='ocrx_word' id='word_1_85' title='bbox 124 1383 199 1431; x_wconf 70' lang='lat' dir='ltr'><strong>rare</strong></span> <span class='ocrx_word' id='word_1_86' title='bbox 216 1359 297 1424; x_wconf 92' lang='lat' dir='ltr'><strong>illud</strong></span> <span class='ocrx_word' id='word_1_87' title='bbox 318 1379 337 1422; x_wconf 93' lang='lat' dir='ltr'><strong>e</strong></span> <span class='ocrx_word' id='word_1_88' title='bbox 357 1356 494 1419; x_wconf 78' lang='lat' dir='ltr'><strong>mortuis</strong></span> <span class='ocrx_word' id='word_1_89' title='bbox 505 1357 737 1432; x_wconf 82' lang='lat' dir='ltr'><strong>surrecturum,</strong></span> <span class='ocrx_word' id='word_1_90' title='bbox 764 1356 853 1439; x_wconf 81' lang='lat' dir='ltr'><strong>quasi</strong></span> <span class='ocrx_word' id='word_1_91' title='bbox 865 1356 948 1419; x_wconf 85' lang='lat' dir='ltr'><strong>nibil</strong></span> <span class='ocrx_word' id='word_1_92' title='bbox 962 1359 1242 1443; x_wconf 86' lang='lat' dir='ltr'><strong>nostripraeslan-</strong></span> 
     </span>
     <span class='ocr_line' id='line_1_12' title="bbox 125 1452 1243 1543; baseline -0.004 -15"><span class='ocrx_word' id='word_1_93' title='bbox 125 1466 191 1528; x_wconf 85' lang='lat' dir='ltr'><strong>tius</strong></span> <span class='ocrx_word' id='word_1_94' title='bbox 206 1463 285 1524; x_wconf 84' lang='lat' dir='ltr'><strong>esset</strong></span> <span class='ocrx_word' id='word_1_95' title='bbox 303 1454 601 1543; x_wconf 85' lang='lat' dir='ltr'><strong>atqua&#39;pretiofius‚</strong></span> <span class='ocrx_word' id='word_1_96' title='bbox 630 1465 664 1517; x_wconf 89' lang='lat' dir='ltr'><strong>et</strong></span> <span class='ocrx_word' id='word_1_97' title='bbox 676 1452 766 1517; x_wconf 86' lang='lat' dir='ltr'><strong>ide&#39;rn</strong></span> <span class='ocrx_word' id='word_1_98' title='bbox 780 1455 864 1519; x_wconf 90' lang='lat' dir='ltr'><strong>illud</strong></span> <span class='ocrx_word' id='word_1_99' title='bbox 876 1468 987 1520; x_wconf 87' lang='lat' dir='ltr'><strong>tamen</strong></span> <span class='ocrx_word' id='word_1_100' title='bbox 1001 1461 1155 1523; x_wconf 80' lang='lat' dir='ltr'><strong>omnibus</strong></span> <span class='ocrx_word' id='word_1_101' title='bbox 1169 1483 1243 1523; x_wconf 75' lang='lat' dir='ltr'><strong>cau·-</strong></span> 
     </span>
     <span class='ocr_line' id='line_1_13' title="bbox 124 1557 1243 1645; baseline -0.002 -18"><span class='ocrx_word' id='word_1_102' title='bbox 124 1565 259 1632; x_wconf 73' lang='lat' dir='ltr'><strong>datibus</strong></span> <span class='ocrx_word' id='word_1_103' title='bbox 273 1578 436 1645; x_wconf 76' lang='lat' dir='ltr'><strong>exponere</strong></span> <span class='ocrx_word' id='word_1_104' title='bbox 449 1569 604 1643; x_wconf 85' lang='lat' dir='ltr'><strong>tauquam</strong></span> <span class='ocrx_word' id='word_1_105' title='bbox 618 1574 690 1619; x_wconf 87' lang='lat' dir='ltr'><strong>rem</strong></span> <span class='ocrx_word' id='word_1_106' title='bbox 702 1557 825 1622; x_wconf 85' lang='lat' dir='ltr'><strong>nullius</strong></span> <span class='ocrx_word' id='word_1_107' title='bbox 835 1558 998 1645; x_wconf 84' lang='lat' dir='ltr'><strong>pretii?&#39;’:</strong></span> <span class='ocrx_word' id='word_1_108' title='bbox 1023 1560 1243 1639; x_wconf 81' lang='lat' dir='ltr'><strong>„Calumnia-</strong></span> 
     </span>
     <span class='ocr_line' id='line_1_14' title="bbox 123 1655 1242 1743; baseline 0.004 -18"><span class='ocrx_word' id='word_1_109' title='bbox 123 1665 220 1742; x_wconf 51' lang='grc' dir='ltr'><strong>παῦ’,</strong></span> <span class='ocrx_word' id='word_1_110' title='bbox 244 1660 403 1742; x_wconf 85' lang='lat' dir='ltr'><strong>Origenes</strong></span> <span class='ocrx_word' id='word_1_111' title='bbox 414 1655 585 1743; x_wconf 90' lang='lat' dir='ltr'><strong>respondet</strong></span> <span class='ocrx_word' id='word_1_112' title='bbox 596 1656 640 1721; x_wconf 91' lang='lat' dir='ltr'><strong>ib.</strong></span> <span class='ocrx_word' id='word_1_113' title='bbox 658 1670 785 1742; x_wconf 77' lang='lat' dir='ltr'><strong>pm,</strong></span> <span class='ocrx_word' id='word_1_114' title='bbox 811 1683 902 1740; x_wconf 89' lang='lat' dir='ltr'><strong>„noe</strong></span> <span class='ocrx_word' id='word_1_115' title='bbox 915 1660 1039 1743; x_wconf 83' lang='lat' dir='ltr'><strong>Celsus,</strong></span> <span class='ocrx_word' id='word_1_116' title='bbox 1065 1662 1148 1727; x_wconf 88' lang='lat' dir='ltr'><strong>dum</strong></span> <span class='ocrx_word' id='word_1_117' title='bbox 1162 1667 1242 1729; x_wconf 82' lang='lat' dir='ltr'><strong>benc</strong></span> 
     </span>
     <span class='ocr_line' id='line_1_15' title="bbox 121 1758 1243 1851; baseline 0.002 -22"><span class='ocrx_word' id='word_1_118' title='bbox 121 1765 217 1833; x_wconf 86' lang='lat' dir='ltr'><strong>nubis</strong></span> <span class='ocrx_word' id='word_1_119' title='bbox 232 1759 378 1827; x_wconf 80' lang='lat' dir='ltr'><strong>adscribit</strong></span> <span class='ocrx_word' id='word_1_120' title='bbox 397 1758 606 1836; x_wconf 86' lang='lat' dir='ltr'><strong>senteutiam,</strong></span> <span class='ocrx_word' id='word_1_121' title='bbox 637 1759 721 1821; x_wconf 85' lang='lat' dir='ltr'><strong>nihil</strong></span> <span class='ocrx_word' id='word_1_122' title='bbox 741 1762 913 1826; x_wconf 72' lang='lat' dir='ltr'><strong>nobiseesse</strong></span> <span class='ocrx_word' id='word_1_123' title='bbox 926 1784 1060 1850; x_wconf 78' lang='lat' dir='ltr'><strong>corpore</strong></span> <span class='ocrx_word' id='word_1_124' title='bbox 1077 1769 1243 1851; x_wconf 84' lang='lat' dir='ltr'><strong>praesten-</strong></span> 
     </span>
     <span class='ocr_line' id='line_1_16' title="bbox 120 1854 1241 1956; baseline -0.002 -23"><span class='ocrx_word' id='word_1_125' title='bbox 120 1854 187 1933; x_wconf 82' lang='lat' dir='ltr'><strong>tiua</strong></span> <span class='ocrx_word' id='word_1_126' title='bbox 199 1877 296 1952; x_wconf 88' lang='lat' dir='ltr'><strong>atque</strong></span> <span class='ocrx_word' id='word_1_127' title='bbox 310 1859 489 1950; x_wconf 82' lang='lat' dir='ltr'><strong>pretiosius.</strong></span> <span class='ocrx_word' id='word_1_128' title='bbox 530 1857 691 1923; x_wconf 82' lang='lat' dir='ltr'><strong>Animam·</strong></span> <span class='ocrx_word' id='word_1_129' title='bbox 698 1863 791 1926; x_wconf 84' lang='lat' dir='ltr'><strong>enim</strong></span> <span class='ocrx_word' id='word_1_130' title='bbox 799 1874 839 1927; x_wconf 76' lang='lat' dir='ltr'><strong>et</strong></span> <span class='ocrx_word' id='word_1_131' title='bbox 851 1866 1037 1949; x_wconf 84' lang='lat' dir='ltr'><strong>praesertim</strong></span> <span class='ocrx_word' id='word_1_132' title='bbox 1049 1886 1141 1947; x_wconf 84' lang='lat' dir='ltr'><strong>eam,</strong></span> <span class='ocrx_word' id='word_1_133' title='bbox 1161 1888 1241 1956; x_wconf 83' lang='lat' dir='ltr'><strong>quae</strong></span> 
     </span>
     <span class='ocr_line' id='line_1_17' title="bbox 119 1959 1243 2056; baseline 0 -23"><span class='ocrx_word' id='word_1_134' title='bbox 119 1965 255 2033; x_wconf 76' lang='lat' dir='ltr'><strong>rationis</strong></span> <span class='ocrx_word' id='word_1_135' title='bbox 274 1966 321 2028; x_wconf 90' lang='lat' dir='ltr'><strong>est</strong></span> <span class='ocrx_word' id='word_1_136' title='bbox 340 1962 518 2047; x_wconf 70' lang='lat' dir='ltr'><strong>particeps,</strong></span> <span class='ocrx_word' id='word_1_137' title='bbox 546 1959 744 2026; x_wconf 82' lang='lat' dir='ltr'><strong>affirmamus</strong></span> <span class='ocrx_word' id='word_1_138' title='bbox 766 1967 831 2029; x_wconf 79' lang='lat' dir='ltr'><strong>effe</strong></span> <span class='ocrx_word' id='word_1_139' title='bbox 853 1968 943 2030; x_wconf 89' lang='lat' dir='ltr'><strong>omni</strong></span> <span class='ocrx_word' id='word_1_140' title='bbox 965 1988 1097 2053; x_wconf 87' lang='lat' dir='ltr'><strong>corpore</strong></span> <span class='ocrx_word' id='word_1_141' title='bbox 1118 1972 1243 2056; x_wconf 66' lang='lat' dir='ltr'><strong>pretio-2</strong></span> 
     </span>
     <span class='ocr_line' id='line_1_18' title="bbox 118 2062 1239 2157; baseline 0.001 -23"><span class='ocrx_word' id='word_1_142' title='bbox 118 2068 247 2134; x_wconf 75' lang='lat' dir='ltr'><strong>fierem.</strong></span> <span class='ocrx_word' id='word_1_143' title='bbox 271 2114 279 2130; x_wconf 92' lang='lat'><strong>.</strong></span> <span class='ocrx_word' id='word_1_144' title='bbox 328 2062 496 2142; x_wconf 83' lang='lat' dir='ltr'><strong>Quoniam</strong></span> <span class='ocrx_word' id='word_1_145' title='bbox 512 2083 591 2126; x_wconf 77' lang='lat' dir='ltr'><strong>vero</strong></span> <span class='ocrx_word' id='word_1_146' title='bbox 613 2063 671 2143; x_wconf 91' lang='lat' dir='ltr'><strong>(ib.</strong></span> <span class='ocrx_word' id='word_1_147' title='bbox 694 2069 720 2149; x_wconf 64' lang='lat' dir='ltr'><strong>i.</strong></span> <span class='ocrx_word' id='word_1_148' title='bbox 743 2069 800 2145; x_wconf 83' lang='lat'><strong>50)</strong></span> <span class='ocrx_word' id='word_1_149' title='bbox 825 2068 919 2135; x_wconf 83' lang='lat' dir='ltr'><strong>nobis</strong></span> <span class='ocrx_word' id='word_1_150' title='bbox 940 2069 1038 2131; x_wconf 86' lang='lat' dir='ltr'><strong>etiam</strong></span> <span class='ocrx_word' id='word_1_151' title='bbox 1059 2074 1239 2157; x_wconf 80' lang='lat' dir='ltr'><strong>exprobrat,</strong></span> 
     </span>
     <span class='ocr_line' id='line_1_19' title="bbox 119 2162 1242 2258; baseline 0.004 -27"><span class='ocrx_word' id='word_1_152' title='bbox 119 2166 210 2258; x_wconf 78' lang='lat' dir='ltr'><strong>quod</strong></span> <span class='ocrx_word' id='word_1_153' title='bbox 230 2164 272 2229; x_wconf 91' lang='lat' dir='ltr'><strong>ad</strong></span> <span class='ocrx_word' id='word_1_154' title='bbox 291 2185 406 2250; x_wconf 90' lang='lat' dir='ltr'><strong>corpus</strong></span> <span class='ocrx_word' id='word_1_155' title='bbox 428 2162 643 2249; x_wconf 85' lang='lat' dir='ltr'><strong>adspiremus,</strong></span> <span class='ocrx_word' id='word_1_156' title='bbox 672 2164 765 2244; x_wconf 85' lang='lat' dir='ltr'><strong>sciat,</strong></span> <span class='ocrx_word' id='word_1_157' title='bbox 793 2164 1024 2231; x_wconf 82' lang='lat' dir='ltr'><strong>sidefiderium</strong></span> <span class='ocrx_word' id='word_1_158' title='bbox 1043 2173 1171 2235; x_wconf 81' lang='lat' dir='ltr'><strong>malurn·</strong></span> <span class='ocrx_word' id='word_1_159' title='bbox 1184 2176 1242 2253; x_wconf 70' lang='lat' dir='ltr'><strong>est·</strong></span> 
     </span>
     <span class='ocr_line' id='line_1_20' title="bbox 120 2252 1244 2348; baseline 0.008 -21"><span class='ocrx_word' id='word_1_160' title='bbox 120 2270 206 2335; x_wconf 78' lang='lat' dir='ltr'><strong>nihil</strong></span> <span class='ocrx_word' id='word_1_161' title='bbox 224 2287 243 2328; x_wconf 90' lang='lat' dir='ltr'><strong>a</strong></span> <span class='ocrx_word' id='word_1_162' title='bbox 263 2265 355 2328; x_wconf 89' lang='lat' dir='ltr'><strong>nobis</strong></span> <span class='ocrx_word' id='word_1_163' title='bbox 379 2252 568 2343; x_wconf 74' lang='lat' dir='ltr'><strong>desiderari3</strong></span> <span class='ocrx_word' id='word_1_164' title='bbox 596 2264 645 2325; x_wconf 85' lang='lat' dir='ltr'><strong>lin</strong></span> <span class='ocrx_word' id='word_1_165' title='bbox 663 2264 711 2327; x_wconf 91' lang='lat' dir='ltr'><strong>est</strong></span> <span class='ocrx_word' id='word_1_166' title='bbox 728 2263 894 2348; x_wconf 87' lang='lat' dir='ltr'><strong>medium,</strong></span> <span class='ocrx_word' id='word_1_167' title='bbox 922 2268 1094 2333; x_wconf 82' lang='lat' dir='ltr'><strong>desiderari</strong></span> <span class='ocrx_word' id='word_1_168' title='bbox 1116 2274 1244 2345; x_wconf 80' lang='lat' dir='ltr'><strong>anobis</strong></span> 
     </span>
     <span class='ocr_line' id='line_1_21' title="bbox 120 2361 1240 2455; baseline 0.009 -28"><span class='ocrx_word' id='word_1_169' title='bbox 120 2365 272 2455; x_wconf 78' lang='lat' dir='ltr'><strong>cpricquid</strong></span> <span class='ocrx_word' id='word_1_170' title='bbox 291 2364 379 2444; x_wconf 90' lang='lat' dir='ltr'><strong>justis</strong></span> <span class='ocrx_word' id='word_1_171' title='bbox 399 2365 567 2448; x_wconf 91' lang='lat' dir='ltr'><strong>pollicetur</strong></span> <span class='ocrx_word' id='word_1_172' title='bbox 584 2361 686 2427; x_wconf 84' lang='lat' dir='ltr'><strong>Deus.</strong></span> <span class='ocrx_word' id='word_1_173' title='bbox 719 2364 788 2429; x_wconf 80' lang='lat' dir='ltr'><strong>&#39;Sic</strong></span> <span class='ocrx_word' id='word_1_174' title='bbox 810 2368 908 2449; x_wconf 62' lang='lat' dir='ltr'><strong>igitur</strong></span> <span class='ocrx_word' id='word_1_175' title='bbox 924 2372 1081 2449; x_wconf 82' lang='lat' dir='ltr'><strong>justorum</strong></span> <span class='ocrx_word' id='word_1_176' title='bbox 1098 2376 1240 2439; x_wconf 84' lang='lat' dir='ltr'><strong>resurre-</strong></span> 
     </span>
     <span class='ocr_line' id='line_1_22' title="bbox 118 2464 1245 2556; baseline 0.003 -25"><span class='ocrx_word' id='word_1_177' title='bbox 118 2467 259 2531; x_wconf 89' lang='lat' dir='ltr'><strong>ctionem</strong></span> <span class='ocrx_word' id='word_1_178' title='bbox 286 2464 435 2548; x_wconf 86' lang='lat' dir='ltr'><strong>optemus</strong></span> <span class='ocrx_word' id='word_1_179' title='bbox 466 2475 499 2526; x_wconf 91' lang='lat' dir='ltr'><strong>et</strong></span> <span class='ocrx_word' id='word_1_180' title='bbox 524 2466 696 2549; x_wconf 87' lang='lat' dir='ltr'><strong>speramus.</strong></span> <span class='ocrx_word' id='word_1_181' title='bbox 750 2466 919 2533; x_wconf 80' lang='lat' dir='ltr'><strong>Existimat</strong></span> <span class='ocrx_word' id='word_1_182' title='bbox 942 2486 1117 2556; x_wconf 85' lang='lat' dir='ltr'><strong>praeterea.</strong></span> <span class='ocrx_word' id='word_1_183' title='bbox 1132 2475 1245 2541; x_wconf 83' lang='lat' dir='ltr'><strong>Celsus.</strong></span> 
     </span>
     <span class='ocr_line' id='line_1_23' title="bbox 116 2563 1243 2666; baseline 0.007 -33"><span class='ocrx_word' id='word_1_184' title='bbox 116 2587 179 2633; x_wconf 82' lang='lat' dir='ltr'><strong>une</strong></span> <span class='ocrx_word' id='word_1_185' title='bbox 212 2564 349 2628; x_wconf 89' lang='lat' dir='ltr'><strong>minime</strong></span> <span class='ocrx_word' id='word_1_186' title='bbox 387 2563 481 2628; x_wconf 87' lang='lat' dir='ltr'><strong>uehis</strong></span> <span class='ocrx_word' id='word_1_187' title='bbox 516 2566 684 2644; x_wconf 77' lang='lat' dir='ltr'><strong>masters,</strong></span> <span class='ocrx_word' id='word_1_188' title='bbox 736 2566 811 2630; x_wconf 79' lang='lat' dir='ltr'><strong>ciam</strong></span> <span class='ocrx_word' id='word_1_189' title='bbox 828 2571 923 2634; x_wconf 71' lang='lat' dir='ltr'><strong>binc</strong></span> <span class='ocrx_word' id='word_1_190' title='bbox 960 2572 1109 2657; x_wconf 72' lang='lat' dir='ltr'><strong>quidem.</strong></span> <span class='ocrx_word' id='word_1_191' title='bbox 1129 2580 1243 2666; x_wconf 84' lang='lat' dir='ltr'><strong>spece-</strong></span> 
     </span>
     <span class='ocr_line' id='line_1_24' title="bbox 115 2662 1245 2750; baseline 0.01 -18"><span class='ocrx_word' id='word_1_192' title='bbox 115 2688 192 2732; x_wconf 84' lang='lat' dir='ltr'><strong>mus</strong></span> <span class='ocrx_word' id='word_1_193' title='bbox 204 2663 468 2731; x_wconf 84' lang='lat' dir='ltr'><strong>resurrectionem</strong></span> <span class='ocrx_word' id='word_1_194' title='bbox 483 2665 622 2750; x_wconf 85' lang='lat' dir='ltr'><strong>corporis</strong></span> <span class='ocrx_word' id='word_1_195' title='bbox 639 2677 676 2727; x_wconf 85' lang='lat' dir='ltr'><strong>ut</strong></span> <span class='ocrx_word' id='word_1_196' title='bbox 693 2662 782 2746; x_wconf 74' lang='lat' dir='ltr'><strong>digni</strong></span> <span class='ocrx_word' id='word_1_197' title='bbox 802 2671 855 2733; x_wconf 91' lang='lat' dir='ltr'><strong>cui</strong></span> <span class='ocrx_word' id='word_1_198' title='bbox 871 2672 925 2735; x_wconf 90' lang='lat' dir='ltr'><strong>hic</strong></span> <span class='ocrx_word' id='word_1_199' title='bbox 938 2693 957 2736; x_wconf 89' lang='lat' dir='ltr'><strong>a</strong></span> <span class='ocrx_word' id='word_1_200' title='bbox 969 2673 1042 2738; x_wconf 91' lang='lat' dir='ltr'><strong>Dao</strong></span> <span class='ocrx_word' id='word_1_201' title='bbox 1055 2678 1245 2743; x_wconf 75' lang='lat' dir='ltr'><strong>honorico--</strong></span> 
     </span>
     <span class='ocr_line' id='line_1_25' title="bbox 116 2765 1238 2863; baseline 0.009 -29"><span class='ocrx_word' id='word_1_202' title='bbox 116 2770 248 2847; x_wconf 85' lang='lat' dir='ltr'><strong>beatur‚</strong></span> <span class='ocrx_word' id='word_1_203' title='bbox 280 2767 369 2829; x_wconf 85' lang='lat' dir='ltr'><strong>illinc</strong></span> <span class='ocrx_word' id='word_1_204' title='bbox 395 2786 474 2829; x_wconf 81' lang='lat' dir='ltr'><strong>vero</strong></span> <span class='ocrx_word' id='word_1_205' title='bbox 498 2765 648 2829; x_wconf 89' lang='lat' dir='ltr'><strong>omnibus</strong></span> <span class='ocrx_word' id='word_1_206' title='bbox 670 2766 858 2837; x_wconf 75' lang='lat' dir='ltr'><strong>cruciatibus</strong></span> <span class='ocrx_word' id='word_1_207' title='bbox 877 2773 959 2837; x_wconf 90' lang='lat' dir='ltr'><strong>illud</strong></span> <span class='ocrx_word' id='word_1_208' title='bbox 979 2796 1186 2863; x_wconf 76' lang='lat' dir='ltr'><strong>exponamus</strong></span> <span class='ocrx_word' id='word_1_209' title='bbox 1202 2792 1238 2844; x_wconf 90' lang='lat' dir='ltr'><strong>ut</strong></span> 
     </span>
     <span class='ocr_line' id='line_1_26' title="bbox 115 2867 1240 2969; baseline 0.009 -35"><span class='ocrx_word' id='word_1_210' title='bbox 115 2889 188 2935; x_wconf 83' lang='lat' dir='ltr'><strong>rem</strong></span> <span class='ocrx_word' id='word_1_211' title='bbox 203 2868 322 2930; x_wconf 87' lang='lat' dir='ltr'><strong>nullius</strong></span> <span class='ocrx_word' id='word_1_212' title='bbox 335 2868 439 2952; x_wconf 87' lang='lat' dir='ltr'><strong>pretii.</strong></span> <span class='ocrx_word' id='word_1_213' title='bbox 483 2867 532 2931; x_wconf 87' lang='lat' dir='ltr'><strong>At</strong></span> <span class='ocrx_word' id='word_1_214' title='bbox 544 2868 610 2931; x_wconf 79' lang='lat' dir='ltr'><strong>vile</strong></span> <span class='ocrx_word' id='word_1_215' title='bbox 626 2890 691 2931; x_wconf 90' lang='lat' dir='ltr'><strong>uon</strong></span> <span class='ocrx_word' id='word_1_216' title='bbox 706 2871 753 2931; x_wconf 85' lang='lat' dir='ltr'><strong>est</strong></span> <span class='ocrx_word' id='word_1_217' title='bbox 769 2870 804 2933; x_wconf 91' lang='lat' dir='ltr'><strong>id</strong></span> <span class='ocrx_word' id='word_1_218' title='bbox 819 2871 906 2958; x_wconf 89' lang='lat' dir='ltr'><strong>quod</strong></span> <span class='ocrx_word' id='word_1_219' title='bbox 921 2877 1050 2962; x_wconf 87' lang='lat' dir='ltr'><strong>pietatis</strong></span> <span class='ocrx_word' id='word_1_220' title='bbox 1065 2884 1159 2944; x_wconf 88' lang='lat' dir='ltr'><strong>causa</strong></span> <span class='ocrx_word' id='word_1_221' title='bbox 1177 2905 1240 2969; x_wconf 90' lang='lat' dir='ltr'><strong>pa-</strong></span> 
     </span>
     <span class='ocr_line' id='line_1_27' title="bbox 115 2968 1241 3066; baseline 0.013 -32"><span class='ocrx_word' id='word_1_222' title='bbox 115 2971 195 3035; x_wconf 89' lang='lat' dir='ltr'><strong>titur</strong></span> <span class='ocrx_word' id='word_1_223' title='bbox 218 2981 251 3032; x_wconf 90' lang='lat' dir='ltr'><strong>et</strong></span> <span class='ocrx_word' id='word_1_224' title='bbox 269 2979 400 3054; x_wconf 88' lang='lat' dir='ltr'><strong>propter</strong></span> <span class='ocrx_word' id='word_1_225' title='bbox 420 2968 575 3032; x_wconf 80' lang='lat' dir='ltr'><strong>virtutem</strong></span> <span class='ocrx_word' id='word_1_226' title='bbox 593 2968 777 3034; x_wconf 88' lang='lat' dir='ltr'><strong>discrimina</strong></span> <span class='ocrx_word' id='word_1_227' title='bbox 795 2975 893 3060; x_wconf 86' lang='lat' dir='ltr'><strong>subit3</strong></span> <span class='ocrx_word' id='word_1_228' title='bbox 920 2977 1079 3066; x_wconf 90' lang='lat' dir='ltr'><strong>sed-quod</strong></span> <span class='ocrx_word' id='word_1_229' title='bbox 1096 2983 1134 3045; x_wconf 81' lang='lat' dir='ltr'><strong>in</strong></span> <span class='ocrx_word' id='word_1_230' title='bbox 1150 2985 1241 3049; x_wconf 81' lang='lat' dir='ltr'><strong>vitiis.</strong></span> 
     </span>
     <span class='ocr_line' id='line_1_28' title="bbox 115 3068 1244 3157; baseline 0 -20"><span class='ocrx_word' id='word_1_231' title='bbox 115 3070 398 3157; x_wconf 73' lang='lat' dir='ltr'><strong>voluptatibusque</strong></span> <span class='ocrx_word' id='word_1_232' title='bbox 411 3071 621 3150; x_wconf 87' lang='lat' dir='ltr'><strong>consumitur,</strong></span> <span class='ocrx_word' id='word_1_233' title='bbox 641 3068 677 3133; x_wconf 92' lang='lat' dir='ltr'><strong>id</strong></span> <span class='ocrx_word' id='word_1_234' title='bbox 691 3073 757 3134; x_wconf 82' lang='lat' dir='ltr'><strong>vile</strong></span> <span class='ocrx_word' id='word_1_235' title='bbox 770 3076 854 3139; x_wconf 85' lang='lat' dir='ltr'><strong>cst.”</strong></span> <span class='ocrx_word' id='word_1_236' title='bbox 1241 3132 1244 3137; x_wconf 91' lang='lat'>.</span> 
     </span>
     <span class='ocr_line' id='line_1_29' title="bbox 201 3167 1244 3263; baseline 0.016 -30"><span class='ocrx_word' id='word_1_237' title='bbox 201 3171 290 3234; x_wconf 85' lang='lat' dir='ltr'><strong>Hee&#39;c</strong></span> <span class='ocrx_word' id='word_1_238' title='bbox 304 3169 380 3232; x_wconf 88' lang='lat' dir='ltr'><strong>talia</strong></span> <span class='ocrx_word' id='word_1_239' title='bbox 394 3167 436 3232; x_wconf 93' lang='lat' dir='ltr'><strong>de</strong></span> <span class='ocrx_word' id='word_1_240' title='bbox 449 3172 676 3235; x_wconf 85' lang='lat' dir='ltr'><strong>resurrectione</strong></span> <span class='ocrx_word' id='word_1_241' title='bbox 685 3172 844 3254; x_wconf 79' lang='lat' dir='ltr'><strong>Origenes</strong></span> <span class='ocrx_word' id='word_1_242' title='bbox 854 3198 927 3241; x_wconf 90' lang='lat' dir='ltr'><strong>cum</strong></span> <span class='ocrx_word' id='word_1_243' title='bbox 937 3176 1084 3263; x_wconf 85' lang='lat' dir='ltr'><strong>doceret,</strong></span> <span class='ocrx_word' id='word_1_244' title='bbox 1106 3187 1244 3249; x_wconf 60' lang='lat' dir='ltr'><strong>crassius</strong></span> 
     </span>
     <span class='ocr_line' id='line_1_30' title="bbox 114 3271 1235 3364; baseline 0.017 -33"><span class='ocrx_word' id='word_1_245' title='bbox 114 3288 186 3353; x_wconf 78' lang='lat' dir='ltr'><strong>ree,</strong></span> <span class='ocrx_word' id='word_1_246' title='bbox 207 3282 377 3359; x_wconf 89' lang='lat' dir='ltr'><strong>quaetunc</strong></span> <span class='ocrx_word' id='word_1_247' title='bbox 391 3271 546 3355; x_wconf 89' lang='lat' dir='ltr'><strong>temporis</strong></span> <span class='ocrx_word' id='word_1_248' title='bbox 558 3273 877 3355; x_wconf 82' lang='lat' dir='ltr'><strong>circumferebantur,</strong></span> <span class='ocrx_word' id='word_1_249' title='bbox 903 3277 953 3343; x_wconf 91' lang='lat' dir='ltr'><strong>de</strong></span> <span class='ocrx_word' id='word_1_250' title='bbox 973 3282 1235 3364; x_wconf 74' lang='lat' dir='ltr'><strong>reguosshri·</strong></span> 
     </span>
     <span class='ocr_line' id='line_1_31' title="bbox 113 3371 1234 3466; baseline 0.013 -29"><span class='ocrx_word' id='word_1_251' title='bbox 113 3372 169 3455; x_wconf 73' lang='lat' dir='ltr'><strong>sti</strong></span> <span class='ocrx_word' id='word_1_252' title='bbox 188 3371 428 3436; x_wconf 88' lang='lat' dir='ltr'><strong>millenario</strong></span> <span class='ocrx_word' id='word_1_253' title='bbox 448 3373 622 3437; x_wconf 83' lang='lat' dir='ltr'><strong>sententiae</strong></span> <span class='ocrx_word' id='word_1_254' title='bbox 641 3377 777 3460; x_wconf 90' lang='lat' dir='ltr'><strong>probare</strong></span> <span class='ocrx_word' id='word_1_255' title='bbox 790 3400 858 3442; x_wconf 91' lang='lat' dir='ltr'><strong>uon</strong></span> <span class='ocrx_word' id='word_1_256' title='bbox 875 3392 1028 3466; x_wconf 88' lang='lat' dir='ltr'><strong>poterat‚·</strong></span> <span class='ocrx_word' id='word_1_257' title='bbox 1038 3383 1102 3448; x_wconf 83' lang='lat' dir='ltr'><strong>sed</strong></span> <span class='ocrx_word' id='word_1_258' title='bbox 1117 3384 1234 3451; x_wconf 81' lang='lat' dir='ltr'><strong>diserte</strong></span> 
     </span>
     <span class='ocr_line' id='line_1_32' title="bbox 112 3474 1233 3567; baseline 0.009 -26"><span class='ocrx_word' id='word_1_259' title='bbox 112 3474 231 3542; x_wconf 85' lang='lat' dir='ltr'><strong>merito</strong></span> <span class='ocrx_word' id='word_1_260' title='bbox 250 3474 418 3539; x_wconf 75' lang='lat' dir='ltr'><strong>refutabat.</strong></span> <span class='ocrx_word' id='word_1_261' title='bbox 471 3474 709 3557; x_wconf 78' lang='lat' dir='ltr'><strong>‚,Nounulli”‚·¹</strong></span> <span class='ocrx_word' id='word_1_262' title='bbox 723 3474 768 3542; x_wconf 86' lang='lat' dir='ltr'><strong>ait</strong></span> <span class='ocrx_word' id='word_1_263' title='bbox 786 3479 902 3546; x_wconf 84' lang='lat' dir='ltr'><strong>Select.</strong></span> <span class='ocrx_word' id='word_1_264' title='bbox 917 3480 953 3546; x_wconf 78' lang='lat' dir='ltr'><strong>i&#39;n</strong></span> <span class='ocrx_word' id='word_1_265' title='bbox 966 3482 1084 3549; x_wconf 83' lang='lat' dir='ltr'><strong>Psalm.</strong></span> <span class='ocrx_word' id='word_1_266' title='bbox 1107 3488 1178 3551; x_wconf 64' lang='lat' dir='ltr'><strong>rol.-</strong></span> <span class='ocrx_word' id='word_1_267' title='bbox 1191 3486 1233 3567; x_wconf 88' lang='grc' dir='ltr'><strong>Π,</strong></span> 
     </span>
     <span class='ocr_line' id='line_1_33' title="bbox 115 3572 1236 3671; baseline 0.008 -28"><span class='ocrx_word' id='word_1_268' title='bbox 115 3587 197 3657; x_wconf 73' lang='lat'><strong>570,</strong></span> <span class='ocrx_word' id='word_1_269' title='bbox 227 3572 478 3656; x_wconf 86' lang='lat' dir='ltr'><strong>‚,crediderunt,</strong></span> <span class='ocrx_word' id='word_1_270' title='bbox 509 3577 578 3641; x_wconf 89' lang='lat' dir='ltr'><strong>sore</strong></span> <span class='ocrx_word' id='word_1_271' title='bbox 599 3588 636 3640; x_wconf 91' lang='lat' dir='ltr'><strong>ut</strong></span> <span class='ocrx_word' id='word_1_272' title='bbox 655 3579 801 3647; x_wconf 74' lang='lat' dir='ltr'><strong>excitatis</strong></span> <span class='ocrx_word' id='word_1_273' title='bbox 821 3586 1034 3671; x_wconf 70' lang='lat' dir='ltr'><strong>corporibusi&#39;</strong></span> <span class='ocrx_word' id='word_1_274' title='bbox 1052 3586 1236 3671; x_wconf 69' lang='lat' dir='ltr'><strong>(intellige-</strong></span> 
     </span>
     <span class='ocr_line' id='line_1_34' title="bbox 112 3676 1233 3762; baseline 0.007 -17"><span class='ocrx_word' id='word_1_275' title='bbox 112 3680 191 3745; x_wconf 85' lang='lat' dir='ltr'><strong>bant</strong></span> <span class='ocrx_word' id='word_1_276' title='bbox 207 3680 318 3741; x_wconf 83' lang='lat' dir='ltr'><strong>autem</strong></span> <span class='ocrx_word' id='word_1_277' title='bbox 333 3676 382 3739; x_wconf 90' lang='lat' dir='ltr'><strong>isti</strong></span> <span class='ocrx_word' id='word_1_278' title='bbox 402 3677 542 3762; x_wconf 82' lang='lat' dir='ltr'><strong>priorem</strong></span> <span class='ocrx_word' id='word_1_279' title='bbox 558 3678 821 3747; x_wconf 75' lang='lat' dir='ltr'><strong>resurrectionem</strong></span> <span class='ocrx_word' id='word_1_280' title='bbox 833 3684 973 3749; x_wconf 87' lang='lat' dir='ltr'><strong>solorum</strong></span> <span class='ocrx_word' id='word_1_281' title='bbox 984 3706 1064 3751; x_wconf 79' lang='lat' dir='ltr'><strong>rere</strong></span> <span class='ocrx_word' id='word_1_282' title='bbox 1079 3685 1233 3753; x_wconf 79' lang='lat' dir='ltr'><strong>Christia-</strong></span> 
     </span>
     <span class='ocr_line' id='line_1_35' title="bbox 111 3776 1240 3875; baseline 0.013 -34"><span class='ocrx_word' id='word_1_283' title='bbox 111 3780 245 3858; x_wconf 84' lang='lat' dir='ltr'><strong>uorum)</strong></span> <span class='ocrx_word' id='word_1_284' title='bbox 276 3778 340 3857; x_wconf 87' lang='lat' dir='ltr'><strong>„in</strong></span> <span class='ocrx_word' id='word_1_285' title='bbox 366 3776 468 3841; x_wconf 76' lang='lat' dir='ltr'><strong>vitam</strong></span> <span class='ocrx_word' id='word_1_286' title='bbox 493 3778 628 3846; x_wconf 87' lang='lat' dir='ltr'><strong>reduces</strong></span> <span class='ocrx_word' id='word_1_287' title='bbox 648 3786 738 3862; x_wconf 86' lang='lat' dir='ltr'><strong>juxta</strong></span> <span class='ocrx_word' id='word_1_288' title='bbox 764 3780 885 3873; x_wconf 78' lang='lat' dir='ltr'><strong>primes</strong></span> <span class='ocrx_word' id='word_1_289' title='bbox 909 3788 984 3852; x_wconf 85' lang='lat' dir='ltr'><strong>illas</strong></span> <span class='ocrx_word' id='word_1_290' title='bbox 1008 3786 1240 3875; x_wconf 82' lang='lat' dir='ltr'><strong>promillionet·</strong></span> 
     </span>
     <span class='ocr_line' id='line_1_36' title="bbox 111 3875 1228 3976; baseline 0.013 -34"><span class='ocrx_word' id='word_1_291' title='bbox 111 3875 248 3942; x_wconf 88' lang='lat' dir='ltr'><strong>edamus</strong></span> <span class='ocrx_word' id='word_1_292' title='bbox 259 3878 320 3941; x_wconf 88' lang='lat' dir='ltr'><strong>hos</strong></span> <span class='ocrx_word' id='word_1_293' title='bbox 336 3888 370 3942; x_wconf 90' lang='lat' dir='ltr'><strong>et</strong></span> <span class='ocrx_word' id='word_1_294' title='bbox 382 3877 456 3941; x_wconf 92' lang='lat' dir='ltr'><strong>illos</strong></span> <span class='ocrx_word' id='word_1_295' title='bbox 471 3878 575 3963; x_wconf 86' lang='lat' dir='ltr'><strong>cibos,</strong></span> <span class='ocrx_word' id='word_1_296' title='bbox 598 3890 631 3947; x_wconf 82' lang='lat' dir='ltr'><strong>et</strong></span> <span class='ocrx_word' id='word_1_297' title='bbox 644 3886 810 3969; x_wconf 77' lang='lat' dir='ltr'><strong>bibamus3</strong></span> <span class='ocrx_word' id='word_1_298' title='bbox 831 3890 931 3976; x_wconf 89' lang='lat' dir='ltr'><strong>aliqui</strong></span> <span class='ocrx_word' id='word_1_299' title='bbox 947 3902 984 3952; x_wconf 84' lang='lat' dir='ltr'><strong>ut</strong></span> <span class='ocrx_word' id='word_1_300' title='bbox 998 3886 1119 3955; x_wconf 85' lang='lat' dir='ltr'><strong>liberos</strong></span> <span class='ocrx_word' id='word_1_301' title='bbox 1135 3892 1228 3955; x_wconf 82' lang='lat' dir='ltr'><strong>eiiam</strong></span> 
     </span>
     <span class='ocr_line' id='line_1_37' title="bbox 113 3977 1229 4075; baseline 0.018 -37"><span class='ocrx_word' id='word_1_302' title='bbox 113 3992 316 4063; x_wconf 81' lang='lat' dir='ltr'><strong>quaeramus.</strong></span> <span class='ocrx_word' id='word_1_303' title='bbox 356 3978 484 4042; x_wconf 81' lang='lat' dir='ltr'><strong>llaecfi</strong></span> <span class='ocrx_word' id='word_1_304' title='bbox 499 3977 540 4042; x_wconf 85' lang='lat' dir='ltr'><strong>ad</strong></span> <span class='ocrx_word' id='word_1_305' title='bbox 557 3983 702 4049; x_wconf 85' lang='lat' dir='ltr'><strong>ethnicos</strong></span> <span class='ocrx_word' id='word_1_306' title='bbox 715 3992 936 4073; x_wconf 84' lang='lat' dir='ltr'><strong>pervenerint,</strong></span> <span class='ocrx_word' id='word_1_307' title='bbox 965 4010 1123 4073; x_wconf 83' lang='lat' dir='ltr'><strong>magnum</strong></span> <span class='ocrx_word' id='word_1_308' title='bbox 1142 3998 1229 4075; x_wconf 67' lang='grc'><strong>[1013-</strong></span> 
     </span>
     <span class='ocr_line' id='line_1_38' title="bbox 111 4075 1226 4173; baseline 0.021 -35"><span class='ocrx_word' id='word_1_309' title='bbox 111 4075 220 4143; x_wconf 88' lang='lat' dir='ltr'><strong>ditatis</strong></span> <span class='ocrx_word' id='word_1_310' title='bbox 247 4080 399 4164; x_wconf 86' lang='lat' dir='ltr'><strong>probrum</strong></span> <span class='ocrx_word' id='word_1_311' title='bbox 426 4081 613 4149; x_wconf 83' lang='lat' dir='ltr'><strong>christianae</strong></span> <span class='ocrx_word' id='word_1_312' title='bbox 640 4090 787 4170; x_wconf 82' lang='lat' dir='ltr'><strong>religioni</strong></span> <span class='ocrx_word' id='word_1_313' title='bbox 813 4093 958 4173; x_wconf 79' lang='lat' dir='ltr'><strong>alligent,</strong></span> <span class='ocrx_word' id='word_1_314' title='bbox 994 4110 1072 4158; x_wconf 88' lang='lat' dir='ltr'><strong>cum</strong></span> <span class='ocrx_word' id='word_1_315' title='bbox 1097 4096 1226 4159; x_wconf 75' lang='lat' dir='ltr'><strong>meliors</strong></span> 
     </span>
     <span class='ocr_line' id='line_1_39' title="bbox 110 4174 1225 4285; baseline 0.017 -46"><span class='ocrx_word' id='word_1_316' title='bbox 110 4177 247 4241; x_wconf 72' lang='lat' dir='ltr'><strong>landant</strong></span> <span class='ocrx_word' id='word_1_317' title='bbox 268 4200 287 4240; x_wconf 83' lang='lat' dir='ltr'><strong>a</strong></span> <span class='ocrx_word' id='word_1_318' title='bbox 307 4177 372 4244; x_wconf 79' lang='lat' dir='ltr'><strong>fide</strong></span> <span class='ocrx_word' id='word_1_319' title='bbox 389 4174 526 4245; x_wconf 84' lang='lat' dir='ltr'><strong>alieni.&#39;&#39;</strong></span> <span class='ocrx_word' id='word_1_320' title='bbox 574 4184 731 4255; x_wconf 83' lang='lat' dir='ltr'><strong>Similiter</strong></span> <span class='ocrx_word' id='word_1_321' title='bbox 745 4190 791 4255; x_wconf 83' lang='lat' dir='ltr'><strong>de</strong></span> <span class='ocrx_word' id='word_1_322' title='bbox 808 4194 909 4279; x_wconf 88' lang='lat' dir='ltr'><strong>princ.</strong></span> <span class='ocrx_word' id='word_1_323' title='bbox 924 4194 968 4277; x_wconf 84' lang='lat'><strong>11,</strong></span> <span class='ocrx_word' id='word_1_324' title='bbox 984 4206 1036 4274; x_wconf 85' lang='lat'><strong>11,</strong></span> <span class='ocrx_word' id='word_1_325' title='bbox 1052 4208 1085 4265; x_wconf 76' lang='lat'><strong>2.</strong></span> <span class='ocrx_word' id='word_1_326' title='bbox 1103 4218 1136 4285; x_wconf 81' lang='lat' dir='ltr'><strong>p.</strong></span> <span class='ocrx_word' id='word_1_327' title='bbox 1152 4202 1225 4265; x_wconf 76' lang='lat' dir='ltr'><strong>tul:</strong></span> 
     </span>
    </p>
   </div>
   <div class='ocr_carea' id='block_1_3' title="bbox 0 0 1290 4770">
    <p class='ocr_par' dir='ltr' id='par_1_3' title="bbox 0 0 1290 4770">
     <span class='ocr_line' id='line_1_40' title="bbox 0 0 1290 4770; baseline 0 4"><span class='ocrx_word' id='word_1_328' title='bbox 0 0 1290 4770; x_wconf 95' lang='lat' dir='ltr'><strong> </strong></span> 
     </span>
    </p>
   </div>
  </div>
 </body>
</html>
