2572 4770
47 190 99 256 88
144 258 152 281 ,
318 260 324 273 ,
352 185 441 278 Gap.
467 186 519 254 11.
537 208 540 213 ·
567 183 850 253 Hermaeutioo.

49 358 113 443 nit,
146 357 379 445 Primogsnitus
401 366 506 428 omnis
527 377 706 443 creaturae,
741 357 796 428 du
813 362 846 426 in
869 360 937 445 ipso
962 372 1065 426 ornata
1086 364 1160 429 sont

50 462 178 545 omnia,
199 456 366 529 sivoxdvt
382 486 440 551 pro
455 458 545 529 διότι
555 468 608 530 vel
625 457 743 548 ἐπειδὴ
756 467 830 526 sano
845 464 932 525 sensu
946 463 1161 545 intelligatur3

52 584 159 649 neque
173 567 261 628 enim
275 566 425 628 existeret
442 587 550 629 rerum
569 566 771 643 universitas,
797 586 856 626 nec
876 565 982 625 illaesa
1004 578 1162 646 manerat,

52 662 113 726 nisi
125 666 211 728 basin
225 682 262 730 at
273 664 520 729 fundamentum
533 669 664 728 haberet
677 665 872 731 conditorem
885 665 986 726 fitium
1001 664 1065 727 Dei
1071 666 1164 730 Vor-

52 762 149 844 bum,
169 778 203 829 et
217 770 250 829 in
264 768 331 851 ipso
343 768 541 829 inniteretur.
582 765 697 829 lecirco
717 788 783 827 non
804 764 885 826 dixit
901 756 1163 851 πρωτόπιστος,

53 863 110 927 sed
122 859 352 950 πρωτότοκος,
378 889 437 931 nec
452 870 496 930 ait
509 860 609 941 αὐτὸς
628 861 755 949 ἐγένετο
768 862 838 947 πρὸ
850 856 998 938 πάντων,
1022 863 1077 926 sod
1090 858 1165 928 ἐστὶ

29 1044 32 1049 Ι
54 959 124 1049 πρὸ
138 950 289 1043 adustos,
314 966 350 1030 id
364 972 409 1031 est
421 959 579 1054 ἇνάρχως.
622 969 706 1032 Nam
720 967 755 1027 in
769 978 881 1027 natura
893 965 1051 1028 ineffabili
1064 986 1165 1028 omno

54 1074 184 1151 ternpus
201 1069 246 1130 est
265 1070 400 1148 instans,
427 1083 461 1132 et
477 1072 512 1131 in
529 1070 687 1155 praesenti
700 1068 804 1146 adest,
827 1088 932 1153 neque
946 1068 979 1128 in
996 1068 1052 1127 issa
1063 1086 1167 1152 praa-

54 1164 185 1231 unitum
199 1171 244 1230 est
258 1169 448 1257 quidquam,
470 1192 529 1233 nec
542 1172 707 1248 futurum3
728 1167 830 1230 sedin
842 1187 908 1228 uno
922 1172 1067 1251 tempora
1079 1188 1167 1251 quo-

57 1258 231 1331 dammodo
251 1268 391 1351 degunt,
418 1294 500 1358 quae
521 1282 649 1332 aeterna
664 1270 755 1348 sunt,
783 1271 868 1332 ficut·
881 1267 926 1328 ait
942 1266 1033 1330 Plato
1053 1269 1089 1329 in
1102 1268 1167 1331 Ti-

57 1352 153 1431 mdeo
168 1414 177 1431 .
194 1416 203 1432 .
219 1415 227 1431 .
269 1370 335 1434 Nec
348 1392 425 1433 vero
442 1372 504 1435 dici
518 1373 649 1435 omnino
663 1368 776 1449 debat,
800 1376 894 1447 eum,
922 1369 977 1454 qui
990 1371 1028 1431 tit
1039 1370 1168 1454 primo·

56 1468 206 1549 flenitus,'
230 1490 296 1532 non
320 1474 383 1535 esse
406 1474 623 1555 unigenitum,
650 1471 705 1534 sed
723 1468 895 1557 aliquando
911 1472 996 1532 un'us
1014 1468 1169 1556 idemque

57 1577 92 1629 et
106 1570 337 1653 primogenitus
352 1573 467 1637 dicitur
485 1586 517 1638 et
532 1575 723 1655 unigenitus.
751 1582 758 1605 ·'
767 1571 855 1651 Quin
870 1572 897 1634 is
913 1573 968 1656 qui
983 1573 1169 1653 unigenitus

58 1679 110 1733 est
129 1672 175 1755 (p.
196 1677 289 1751 352),
325 1677 476 1739 continuo
499 1679 544 1739 est
564 1678 662 1739 etiam
681 1674 929 1761 primogenitus,
964 1674 1021 1734 etsi
1041 1674 1170 1737 nullum

57 1771 133 1855 post·
148 1773 181 1833 so
201 1774 318 1836 linirent
333 1775 615 1859 secundogenitmn
635 1788 689 1838 aut
703 1774 958 1855 tertiogenitum‚
983 1786 1095 1858 utpote
1113 1778 1171 1839 so-

59 1868 255 1952 {ungenitus
275 1889 308 1939 et
325 1896 444 1941 nornen
459 1899 502 1941 ex
515 1901 549 1941 re
567 1879 726 1964 adeptus”
745 1889 779 1939 et
798 1899 851 1962 qu.
864 1878 906 1960 sq.
949 1876 1047 1938 Porro
1061 1897 1129 1961 cap.
1149 1890 1168 1942 5

57 1992 93 2061 p.
112 1982 173 2040 854
190 1978 235 2062 sq.
259 1991 367 2041 eontra
392 1982 569 2044 haereticos
590 1978 747 2065 disputat,
780 1979 836 2064 qm
860 1998 902 2038 ex
920 1976 1028 2039 verbis
1047 1980 1170 2063 apocal.

59 2070 157 2155 XXI,
173 2089 209 2143 6:
231 2072 380 2162 dyabolus
393 2071 413 2168 ἢ
429 2077 511 2169 ἀρχὴ
526 2076 634 2145 καὶτὸ
650 2077 746 2155 τέλος
763 2079 849 2158 „titii
863 2077 1064 2140 existentiam
1079 2091 1172 2141 tem-

55 2178 217 2263 porariam
230 2180 294 2243 esse
310 2185 479 2262 colsigunt,
498 2183 622 2269 ineptas
636 2179 785 2261 fingendo
802 2180 1094 2264 interpretationes,
1114 2194 1172 2244 at-

59 2272 177 2367 qu'enin
197 2301 236 2343 oo
257 2283 437 2358 enituntur,
469 2294 504 2343 ut
525 2285 665 2366 ipsorum
686 2281 828 2367 nequitia
847 2282 950 2342 virtus
969 2283 1171 2347 censeatur.'”

59 2378 161 2461 fflx
174 2383 412 2466 principium,”
432 2383 493 2460 ait,
520 2381 697 2461 ‚‚denotat‚
720 2403 814 2460 eum,
835 2393 871 2442 ut
886 2382 1042 2467 principio
1055 2404 1173 2445 coren-

5 2530 8 2535 .
59 2488 147 2561 tem,
181 2484 412 2543 constitutionis
437 2503 546 2543 rarum
570 2482 716 2543 omnium
745 2485 870 2545 oausam
901 2486 981 2562 esse,
1017 2486 1097 2548 siout
1125 2491 1176 2551 est

59 2578 152 2645 Deus
171 2595 271 2666 pater.
314 2582 397 2645 Nam
419 2583 473 2667 qui
494 2585 538 2643 ast
557 2582 769 2667 principium,
794 2585 919 2644 nullum
936 2586 1034 2647 habet
1049 2599 1125 2649 aute
1140 2591 1178 2653 so

27 2670 34 2677 ⁶
59 2682 267 2759 existentem,
288 2683 366 2746 siout
381 2684 516 2745 ultimus
527 2683 653 2745 nullum
667 2685 764 2745 habat
778 2685 846 2768 post
860 2685 890 2744 se
904 2685 1066 2751 ultimum.
1109 2686 1176 2751 Et·-

60 2784 149 2847 enim
169 2776 271 2871 ἀρχὴ,
299 2796 335 2847 ut
350 2786 395 2847 ait
412 2786 565 2847 Aristoles
579 2786 612 2846 in
634 2786 744 2870 quinto
761 2784 1066 2868 Metaphylicorum,
1089 2786 1174 2851 dici-

61 2894 116 2947 tur
130 2886 242 2947 multis
255 2885 369 2950 modis.
397 2886 538 2980 'Dicitur
552 2886 640 2947 onim
653 2877 737 2970 ἀρχὴ
754 2898 788 2947 ut
806 2906 940 2964 reguum
956 2898 989 2948 at
1001 2888 1176 2971 imperium

63 2980 153 3047 ducis
169 2985 203 3047 in
224 2988 327 3066 bello;
357 2986 472 3050 dicitur
491 2989 587 3050 etiam
603 2989 704 3050 relate
721 2985 762 3049 ad
775 2988 898 3065 locum,
921 2999 957 3048 ut
970 2978 1056 3073 ἀρχῆ
1069 2996 1179 3055 cursus

59 3085 99 3151 in
114 3085 214 3169 stadio
236 3088 281 3148 est
300 3091 490 3171 repagulum
511 3092 564 3152 seu
583 3109 704 3167 carcer;
720 3085 850 3149 -dicitur
866 3090 900 3149 a't
919 3090 1018 3150 relato
1032 3088 1073 3151 ed
1088 3103 1179 3154 tarn-

61 3210 142 3277 pus,
161 3200 199 3250 ut
211 3179 295 3275 ἀρχὴ
308 3189 385 3250 anni
401 3199 432 3251 et
445 3190 522 3252 hoec
538 3190 624 3269 dies3
652 3188 767 3251 dicitur
780 3188 878 3250 relato
893 3187 934 3249 ad
954 3202 1117 3268 naturam,
1141 3203 1179 3254 ut

61 3282 149 3377 ἆρχὴ
170 3291 301 3352 insontis
319 3292 365 3352 est
381 3294 507 3373 semen3
536 3290 650 3352 dicitur
672 3287 846 3352 secundum
865 3291 1005 3369 eausam,
1034 3302 1070 3352 ut
1093 3283 1179 3377 ἀρχὴ

61 3392 184 3457 niman
208 3394 253 3454 est
276 3393 454 3456 statuarius.
513 3390 564 3455 Sic
591 3411 666 3471 ergo
688 3392 794 3453 sisium
814 3388 949 3452 dicimus
971 3392 1034 3453 esse
1054 3393 1181 3476 prinoi-

61 3494 172 3581 pium,
199 3504 235 3555 ut
257 3494 381 3553 causam
403 3507 437 3555 et
458 3491 673 3573 conditorem
704 3514 781 3555 eum
801 3512 879 3555 voro
902 3492 1056 3577 appellari
1078 3494 1181 3556 etiam

61 3594 178 3675 finem,
207 3593 366 3677 tumquia
382 3593 517 3678 inipso,
546 3614 619 3655 rum
638 3594 886 3679 circumscriptus
907 3596 945 3654 sit
965 3614 1000 3654 ae
1015 3595 1101 3657 solos
1114 3595 1183 3657 iso-¹

61 3693 447 3770 bonnimmortasitatem,
477 3696 622 3755 omnium
640 3696 733 3757 smml
754 3715 862 3757 rerum
881 3695 1007 3756 termini
1028 3694 1185 3756 instituo-1

62 3807 118 3861 tur
136 3818 173 3861 ac
187 3800 371 3872 firmantur,
400 3805 471 3855 turn
487 3795 560 3877 (ruia
576 3797 645 3881 post
658 3797 755 3875 hujus
773 3799 913 3859 universi
933 3798 1033 3856 finem
1044 3798 1182 3880 semper

64 3910 99 3962 et
110 3898 145 3962 in
157 3897 321 3961 infinitum
332 3896 562 3980 permanebit.”
604 3896 771 3959 Praeterea
784 3920 853 3983 cap.
868 3909 907 3963 23
922 3919 951 3980 p.
968 3906 1047 3962 4092
1075 3895 1182 3975 „De-

66 4000 174 4078 nuo,”
216 3998 279 4078 ait,
326 4016 662 4076 ,‚commemoremus‚
709 4020 791 4082 quae
827 4000 979 4076 objiciunt
1014 3998 1186 4061 haeretici.-

63 4094 179 4171 Stristit
194 4096 339 4163 Paulum.
359 4099 449 4164 Unus
459 4098 548 4167 Deus
559 4096 653 4161 Pater
665 4109 698 4161 et
713 4100 803 4163 Unus
816 4098 976 4162 Dominus
989 4098 1080 4161 iesus
1090 4099 1182 4180 Ostra

24 4330 142 4502 t·
