2572 4770
134 232 209 303 etl
458 227 549 318 Gap.
568 224 641 295 ΙΙΙ.
689 226 922 318 Dogruutica.
964 212 967 217 ⁸

136 418 266 487 eantur3
298 405 473 473 animulis
492 414 602 471 tamen
621 407 686 471 elle
705 427 725 471 a
746 403 1005 493 quamplurimis
1022 401 1247 484 lentium„

134 521 169 573 et
181 509 224 572 ib.
239 511 263 592 l.
277 518 314 572 2:
336 506 414 572 ”De
427 528 467 570 eo
480 529 575 587 vero,
602 506 688 595 quod
705 506 768 572 Dei
788 507 893 570 anima
911 508 945 569 in
960 505 1122 592 scripturis
1137 504 1248 567 uomi-

133 602 246 685 na'tur,
269 608 405 692 qualiter
418 608 556 691 intelligi
570 606 702 687 debeat,
727 620 760 669 et
778 609 894 671 seritire
910 620 943 670 et
957 609 1101 694 proserre
1116 602 1247 667 difficile

134 711 197 788 est3
219 710 318 771 semel
332 706 419 787 enim
432 709 606 795 simplicem
619 708 708 771 illam
721 700 881 786 naturam,
896 719 929 771 et
942 710 1063 794 absque
1073 706 1174 768 uilius
1185 702 1248 766 ad-

132 808 281 891 lectionis
293 809 506 895 permixtione
519 810 721 895 profitemur3
741 821 846 872 tamen
861 805 1090 896 quoquomodo
1102 806 1248 869 sentien-

135 907 214 973 dum
229 911 289 989 est,
312 910 470 973 nominari
480 910 610 973 iuterim
617 909 681 972 Dei
695 910 803 972 anima
815 910 958 989 videtur3
982 908 1157 988 dessbristo
1168 926 1247 968 vero

132 1028 200 1073 uon
214 1007 387 1072 dubitetur.
433 1008 476 1073 Et
496 1010 572 1073 ideo
583 1030 650 1071 nou
665 1009 747 1071 mihi
766 1009 894 1074 ridetur
907 1008 1078 1074 absurdum
1091 1008 1193 1071 etiam
1206 1003 1246 1069 de

133 1110 383 1191 sanctis‚.angelis
399 1111 574 1196 ceterisque
587 1112 773 1174 coelestibus
788 1111 957 1174 virtutibus
970 1110 1034 1174 tale
1050 1105 1176 1195 aliquid
1192 1105 1246 1175 rel
1270 1173 1273 1177 ‚

96 1284 101 1295 Ι
133 1206 239 1275 dicere
263 1214 315 1275 vel
336 1212 462 1276 sentire.
519 1210 686 1299 Siquidem
706 1211 850 1275 definitio
870 1209 924 1272 illa
946 1212 1073 1273 animae
1095 1211 1196 1273 etiam
1212 1209 1245 1270 in

130 1306 217 1398 ipsos
235 1309 363 1385 ridetur
381 1312 551 1377 incurrere.
608 1311 691 1392 Quis
718 1299 807 1375 enim
834 1312 1065 1374 rationabiliter
1083 1310 1246 1375 sensibiles

131 1430 190 1475 eos
211 1412 274 1474 else
298 1414 350 1475 vel
371 1413 508 1476 mobiles
528 1414 645 1499 poterit
658 1410 842 1493 denegare?
883 1410 1007 1491 Quodsi
1020 1422 1106 1473 recta
1119 1409 1178 1475 iun
1193 1411 1246 1474 ri-

56 1525 60 1537 ·
132 1506 227 1574 detur
242 1513 304 1574 else
317 1510 480 1594 definitio,
509 1516 596 1602 quod
614 1517 784 1578 substantia
801 1511 1030 1574 rationabiliter
1044 1511 1203 1575 sensibilis
1214 1522 1246 1575 et

129 1611 261 1674 mobilis
282 1614 389 1679 anima
416 1614 554 1698 dicatur,
590 1615 719 1680 videtur
742 1616 821 1677 baec
841 1610 956 1675 eadem
975 1610 1123 1675 definitio
1143 1613 1245 1677 euru

130 1707 173 1772 ed
189 1713 320 1793 angelos
333 1717 503 1802 pertinere.
555 1715 643 1798 Quid
661 1716 750 1778 enim
764 1711 854 1780 aliud
873 1713 1001 1792 inillis,
1023 1733 1121 1798 quam
1137 1714 1245 1777 sensus

129 1810 328 1880 rationabilis
341 1829 374 1880 et
389 1830 494 1882 motus
507 1817 575 1882 est?
609 1807 756 1897 (luorum
773 1827 881 1878 autem
896 1835 960 1877 una
975 1813 1177 1879 delinitionis
1189 1835 1246 1880 re-

130 1908 178 1976 tio
193 1915 256 1994 est,
281 1917 399 1982 horum
411 1920 478 1982 fine
492 1917 634 1982 dubiost
648 1914 762 1979 eadem
775 1916 943 1979 substantia
958 1917 1011 1978 est.
1021 1961 1042 1995 ,‚

215 2013 334 2083 Variae
349 2021 583 2099 augelorum
602 2021 672 2081 sunt
689 2017 833 2081 classes
852 2039 910 2102 pro
924 2018 1121 2098 singulorum
1139 2017 1246 2082 meri-

129 2108 189 2188 tis,
215 2118 303 2201 quae'
317 2118 481 2183 liberrimo
496 2120 626 2183 arbitrio
645 2116 781 2204 praediti
797 2118 855 2179 sibi
871 2130 1104 2205 compararunt.
1148 2118 1247 2186 ”Ot-

56 2256 60 2264 ι
92 2251 95 2257 ·
127 2210 229 2293 sicia„
252 2217 500 2301 (angelorum),
535 2222 579 2284 ait
598 2219 757 2301 Origenes
783 2217 823 2281 de
850 2217 949 2304 princ.
968 2218 995 2300 l,
1016 2231 1045 2295 8,
1072 2233 1101 2286 1.
1132 2242 1168 2307 p.
1193 2229 1245 2296 74,

128 2311 362 2399 ”promeruisse
390 2341 446 2383 eos
474 2342 540 2383 non
565 2323 660 2384 aliter
685 2320 864 2407 putandum
892 2323 955 2401 est,
990 2339 1088 2408 quam
1114 2340 1161 2384 ex
1181 2323 1246 2387 suis

96 2488 100 2499 .
128 2432 289 2501 quemque
302 2419 424 2484 meritis
437 2433 470 2484 et
480 2444 540 2517 pro
553 2421 663 2485 studiis
676 2442 712 2484 ac
728 2420 898 2485 virtutibus
922 2440 1004 2508 quae
1029 2433 1105 2485 ante
1126 2422 1246 2489 mundi

127 2510 225 2593 hujus
251 2538 436 2604 compagem
460 2523 626 2603 gesserint,
652 2522 828 2608 suscepisse.
884 2522 972 2585 Tum
993 2520 1111 2586 deiude
1129 2523 1168 2588 iu
1187 2546 1246 2590 ar-

128 2615 312 2698 changelico
334 2621 446 2686 ordine
464 2622 546 2686 illud
560 2627 614 2687 vel
629 2618 712 2686 illud
725 2620 821 2685 officii
835 2642 936 2701 genus
949 2622 1121 2710 unicuique
1133 2616 1247 2712 depu-

128 2725 266 2800 tatum3,
280 2721 360 2785 alios
378 2745 455 2787 vero
475 2724 508 2787 in
525 2722 840 2805 angelorumordiue
860 2721 1008 2784 meruisse
1031 2721 1184 2807 describi,
1211 2739 1246 2793 et

128 2837 225 2900 agere
245 2822 301 2883 sub
319 2822 378 2887 illo
396 2828 450 2889 rel
468 2827 526 2889 illo
544 2827 750 2907 archangelo,
770 2826 824 2887 vel
838 2824 895 2886 iilo
912 2822 1009 2904 duce,
1029 2827 1083 2889 vel
1097 2829 1245 2917 principe

127 2917 250 2985 ordinis
262 2921 320 3009 sui·
372 2924 466 3005 Quae
485 2928 593 2990 omnia
614 2929 666 3006 (ut
682 2924 764 3007 dixu)
785 2948 850 2989 nou
869 2925 1003 2991 fortuito
1022 2938 1120 3012 atque
1133 2927 1245 2999 indis-

128 3031 231 3100 crete,
254 3018 309 3085 sed
328 3027 486 3118 aptissimo
507 3041 540 3090 et
558 3028 720 3107 justissimo
733 3027 795 3093 Dei
808 3025 926 3105 judicio
942 3026 1087 3090 ordinata
1099 3030 1191 3110 sunt,
1210 3040 1244 3095 et

127 3141 188 3209 pro
203 3125 325 3189 meritis
339 3125 487 3214 disposita
503 3128 570 3213 ipso
582 3126 744 3209 judicante
758 3138 791 3189 et
803 3131 976 3214 probante;
998 3139 1034 3190 ut
1043 3126 1092 3190 illi
1107 3128 1242 3216 quidem

127 3228 243 3306 angelo
266 3225 477 3314 Ephesiorum
505 3228 661 3292 committi
684 3229 812 3291 ecclesia
838 3226 970 3307 debeat,
1006 3229 1056 3290 illi
1082 3250 1163 3293 vero
1185 3232 1241 3295 alii

50 3334 54 3341 '
129 3324 388 3408 smyrnensium,
417 3341 450 3392 et
472 3329 529 3393 ille
549 3329 680 3417 quidem
695 3331 825 3412 angelus
840 3330 926 3411 ut,sit
940 3329 1044 3408 Petri,
1066 3330 1240 3398 aliusrero

127 3440 165 3492 ut
187 3430 225 3492 sit
239 3430 348 3513 Pauli3
377 3443 447 3493 tum
466 3429 598 3496 demum
616 3453 674 3518 per
692 3432 831 3511 singulos
850 3431 1075 3509 minimorum,
1100 3431 1240 3516 quisunt

127 3526 163 3594 in
183 3533 328 3613 ecclelia,
354 3533 409 3617 qui
426 3535 478 3594 rel
500 3531 556 3617 qui
573 3530 704 3594 adscribi
721 3529 1010 3614 finguliadebeant
1030 3531 1156 3612 angeli,
1184 3532 1240 3618 qni

126 3629 226 3695 etiam
248 3633 390 3719 quotidie
411 3633 542 3697 videant
561 3632 678 3696 faciem
698 3628 779 3713 Dei3
814 3629 869 3698 sed
890 3632 1016 3719 etquis
1037 3630 1154 3695 debeat
1175 3634 1239 3696 else

127 3736 261 3814 augelus
278 3735 342 3819 qui·
357 3735 530 3798 circumdet
552 3733 735 3797 incircuitu
760 3731 944 3796 timentium
965 3731 1085 3799 Deum,
1144 3732 1238 3814 Quae

105 3890 106 3895 ,
126 3834 239 3921 utique
254 3837 361 3900 munia
374 3861 438 3900 non
457 3841 542 3916 calu,
570 3857 676 3923 neque
696 3834 827 3899 fortuito
846 3831 930 3915 gers,
957 3852 1063 3920 neque
1083 3832 1158 3919 quia
1175 3853 1240 3897 na-

127 3936 271 4000 turaliter
291 3940 370 4004 tales
387 3941 462 4003 sacti
483 3944 573 4018 suut,
592 3934 849 4002 'existimandum
867 3937 928 4006 est,
953 3954 994 3998 ne
1012 3934 1110 4027 etiam
1127 3936 1162 3998 in
1176 3936 1239 3999 hoc

50 4109 55 4119 Ι
126 4034 255 4102 iacturis
268 4041 477 4128 inaequalitas
491 4043 666 4119 accusetur,
693 4037 747 4103 sed
759 4061 816 4125 pro
829 4036 952 4099 meritis
968 4049 1001 4098 et
1012 4035 1187 4099 virtutibus
1201 4055 1237 4099 ac

126 4154 186 4220 pru
215 4143 309 4206 unius
333 4145 485 4231 cujusque
512 4143 620 4225 vigore
644 4153 677 4206 et
701 4140 831 4222 ingenio
848 4135 966 4203 deferri
983 4158 1002 4200 a
1019 4137 1186 4216 justissimo
1204 4146 1238 4203 et
