2572 4770
133 270 207 339 206
348 312 352 319 .
452 248 538 343 Cep.
564 248 635 319 HI.
687 242 917 342 Dugmutt'ca.

131 434 282 521 origenis
300 428 454 496 sententia
473 432 545 494 lunt
557 428 741 495 fundendae
752 429 792 495 ad
808 440 931 517 patrem
948 434 1121 518 etlilium,
1140 439 1175 503 ad
1189 440 1224 506 il-

129 545 200 607 lum
217 551 325 601 tamen
346 534 500 609 majorem
520 534 657 611 majorae
677 545 710 595 et
723 552 779 617 pet
792 552 884 613 euru,
905 535 940 597 in
956 558 1020 623 quo
1033 539 1099 601 sele
1111 545 1225 604 revalu-

128 640 195 720 vit‚
214 633 424 700 mediatorem
440 630 562 707 lilium,
587 633 641 716 qui
663 644 696 695 et
714 632 780 717 ipse
796 632 978 700 adorandus
994 638 1050 703 elt.
1094 638 1132 704 Iu
1145 657 1225 707 utro-

128 762 193 830 que
206 758 285 803 veru
308 753 402 813 „non
423 732 523 807 alius,
551 752 647 816 qutun
670 733 813 797 summus
827 733 917 800 Deus
937 738 1081 803 colitur”
1099 747 1141 821 (c.
1158 746 1224 809 (Yell.

127 841 287 921 vll1‚12.
309 856 340 921 p.
361 834 447 910 7⁵0).
496 829 689 915 Repugnare
706 848 815 896 autem
835 834 964 901 videtur.
978 839 1227 906 huiclenteutiua

20 948 30 961 '
128 956 163 1011 et
179 941 239 1005 lilii
262 934 481 1000 adorationum
508 929 679 995 excludere
702 934 793 998 locus
820 933 868 1001 de.
886 950 965 1026 urat.
993 961 1020 1001 c.
1042 952 1093 1006 15.
1122 945 1190 1006 vol·
1205 943 1227 1023 l,
1272 918 1277 967 ἵ

129 1058 191 1116 222
204 1045 266 1128 supr
289 1035 351 1118 „Si
367 1034 637 1110 intellexerimus,
659 1031 734 1118 quid
747 1034 787 1097 sut
799 1037 917 1115 oratio,
944 1039 1030 1129 forte
1045 1044 1155 1106 nullus
1171 1066 1230 1105 uu-

127 1166 225 1234 quam
245 1139 371 1221 genitur
390 1137 450 1197 etit
469 1131 625 1209 orandus,
656 1153 692 1195 ec
714 1153 755 1197 ne
770 1133 910 1201 Christus
930 1138 1061 1225 quidem
1079 1144 1161 1229 ipio,
1182 1142 1231 1207 led

127 1249 213 1312 lalus
224 1241 315 1307 Deus
333 1236 479 1299 amulum
498 1244 653 1318 eupator,
682 1252 778 1317 quatu
790 1236 856 1321 ipse
874 1237 972 1301 etiaur
983 1242 1232 1309 salvatornolter

94 1422 100 1437 ι
127 1349 247 1412 orabat.
272 1388 280 1407 .
301 1384 310 1402 .
353 1336 389 1400 Si
406 1338 511 1410 enim,
532 1345 570 1395 ut
584 1332 661 1393 alilti
673 1335 840 1417 probatur,
862 1340 944 1403 alius
958 1362 976 1403 a
990 1355 1081 1427 patre
1093 1346 1180 1409 lilius
1192 1349 1234 1409 all

128 1436 204 1513 κατ’
226 1433 343 1509 οὐσίαν
362 1434 420 1500 καὶ
441 1424 676 1514 ὑποκείμενον,
710 1446 766 1495 aut
784 1437 923 1504 orandus
942 1443 987 1503 elt
1009 1445 1097 1509 filius
1117 1458 1152 1509 et
1171 1469 1235 1509 nau

68 1588 73 1595 ·
124 1559 234 1641 pater,
270 1550 326 1604 aut
349 1548 499 1623 uterque,
518 1546 587 1613 ,aut
612 1545 702 1620 puter
726 1534 820 1600 sotus.
864 1538 917 1603 'At
944 1541 1048 1606 lilium
1076 1545 1235 1611 orandum

123 1650 190 1715 elle
203 1646 270 1709 llne
281 1653 385 1730 patre,
398 1658 493 1701 nemu
509 1657 573 1698 non
586 1634 737 1698 futabitur
749 1637 965 1706 absurdillirue
977 1654 1010 1707 at
1021 1658 1151 1731 praeter
1161 1649 1237 1711 evi.—

125 1748 268 1814 dentiam
292 1742 412 1805 dictum
432 1739 482 1802 iri.
539 1735 575 1799 Si
604 1747 736 1822 uterque
766 1740 905 1805 arandae
927 1747 988 1824 elt,
1022 1746 1159 1831 planum
1179 1752 1235 1827 eil,

122 1849 241 1940 plurali
254 1863 389 1908 nurnero
402 1860 462 1903 noe
475 1849 669 1939 precaturus.
683 1884 692 1902 .
736 1837 833 1917 Quod
847 1854 918 1905 cum
933 1846 1155 1933 perseipsum
1169 1870 1235 1913 noa

123 1946 312 2023 conueniat,
334 1962 393 2006 nec
408 1943 445 2003 in
458 1939 617 2024 scripturis
630 1936 752 2001 ostendi
763 1944 867 2026 potest
877 1945 1015 2029 politum
1028 1949 1111 2026 else,
1139 1961 1176 2011 ut
1196 1953 1235 2015 alt

122 2052 231 2137 aliquo
244 2044 381 2109 dictum:
408 2044 504 2105 restat
519 2059 613 2118 ergo,
636 2050 674 2101 ut
689 2051 798 2103 uretur
811 2043 895 2106 sulus
907 2042 997 2112 Deua
1012 2049 1237 2117 universarum

120 2164 224 2243 puter,
237 2162 346 2213 utnon
361 2145 428 2209 stne
440 2140 627 2228 pontifice.-.
641 2186 650 2204 .
676 2136 799 2226 Ecquid
810 2160 852 2204 ex
864 2146 933 2223 ejus
943 2160 1053 2211 mente
1063 2152 1120 2237 qui
1133 2151 1236 2218 dixit:

121 2251 213 2333 Quid
227 2246 373 2313 medicis
389 2237 533 2307 bonurn?
554 2240 771 2303 nemobonus
791 2241 848 2306 nili
867 2248 951 2309 unu'e
970 2247 1062 2314 Deua
1081 2264 1176 2337 paler
1191 2288 1236 2306 -

120 2351 211 2417 alind
232 2349 294 2412 dici
312 2348 414 2434 putell
430 2343 487 2405 uili
506 2343 585 2403 hocz
612 2339 701 2418 Quid
717 2361 771 2403 tue
784 2342 881 2405 orae?
927 2344 1023 2413 Solus
1043 2363 1137 2436 puter
1155 2376 1236 2420 οη.

23 2490 25 2495 .
119 2466 173 2517 tur
193 2461 335 2537 oportet,
363 2464 459 2530 quern
480 2452 593 2519 elego
615 2458 698 2503 ore·
730 2442 798 2509 Nee
816 2462 891 2506 eum
909 2448 1157 2529 oraredebetie,
1177 2458 1235 2543 qui

81 2634 84 2641 Ι
118 2552 268 2642 pontifex
279 2545 373 2613 uobis
385 2541 570 2607 constitutae
582 2542 628 2603 elt
641 2553 761 2629 epatre
774 2554 807 2604 et
821 2542 968 2611 advocati
979 2546 1234 2640 (παρακλήτου)

118 2663 241 2739 epatre
254 2667 371 2712 munus
385 2642 520 2729 accepit,
543 2638 598 2703 led
619 2661 676 2727 per
695 2643 877 2726 pontificem
895 2658 928 2709 et
945 2648 1153 2732 aduocatum,
1176 2659 1234 2744 qui

114 2755 212 2843 pellit
230 2748 368 2836 corupati
385 2741 623 2808 infirmitatibus
643 2733 772 2821 verinis,
800 2755 955 2829 tentatum
975 2771 1033 2835 per
1050 2757 1160 2819 omnia
1172 2779 1234 2844 per

34 2834 37 2839 ¹
116 2850 359 2921 limilitudinem
371 2845 483 2923 vestri,
503 2840 557 2907 led
570 2842 668 2927 patrie
681 2840 767 2907 duno
781 2855 937 2927 tentatum
950 2852 1071 2937 absque
1087 2871 1231 2942 peccaro,

90 2946 96 2961 ⁸
115 2952 237 3019 Discite
249 2971 335 3031 erga,
350 2958 505 3034 quantum
517 2962 536 3004 a
548 2953 637 3028 patre
651 2963 724 3006 tneo
739 2942 859 3009 dunruu
874 2952 1070 3035 acceperitis,
1085 2977 1233 3045 rumpet·

111 3050 392 3133 negenerationern
411 3049 446 3109 in
469 3066 522 3108 me
543 3045 661 3107 facturn
685 3047 845 3131 accepistis
868 3049 1013 3134 spiritura
1033 3054 1232 3142 adoptionis,

41 3196 48 3213 .
116 3163 150 3216 et
162 3151 324 3213 vocemini
340 3151 399 3212 lilii
413 3147 475 3213 Dei
490 3160 522 3210 et
534 3148 649 3219 frattae
660 3147 738 3209 urei.
788 3146 923 3229 Legil'tie
944 3154 1048 3234 euim,
1071 3156 1150 3242 quid
1169 3179 1231 3240 ego

28 3312 33 3317 .
115 3276 172 3319 ore
181 3253 317 3319 Davidis
331 3249 373 3314 ad
385 3260 508 3337 patrem
521 3246 561 3308 de
570 3248 663 3315 vultis
675 3245 829 3311 dixerim:
848 3249 989 3315 Narrabo
1001 3276 1119 3318 nomen
1134 3268 1231 3324 tuum

113 3356 266 3421 fratribus
278 3353 378 3429 meis,
394 3351 428 3413 iu
441 3346 548 3435 tuediu
560 3346 707 3410 eccleliae
720 3347 857 3431 laudabo
871 3364 913 3415 te.
954 3354 1102 3419 Fratrem
1115 3368 1230 3424 autern
1246 3330 1250 3351 Ι

114 3457 199 3519 urari
217 3456 258 3517 ab
277 3453 342 3531 eie,
371 3452 426 3535 qui
447 3448 563 3511 eudem
582 3470 645 3534 quo
664 3449 719 3511 ille
741 3463 831 3534 patre
850 3453 1041 3535 gloriantur,
1063 3458 1144 3520 ratio
1161 3480 1230 3525 non

113 3556 246 3643 patitur.
294 3549 351 3617 Ad
371 3551 473 3614 lulum
491 3561 614 3633 patrem
626 3568 756 3613 mecum
766 3562 798 3613 et
813 3571 870 3635 per
882 3573 936 3616 me
948 3553 1114 3638 dirigenda
1128 3579 1148 3621 a
1162 3581 1231 3624 vo-

112 3658 164 3721 tur
177 3655 279 3719 aretio
296 3650 378 3716 elt.’'
425 3649 513 3712 Haec
531 3652 629 3713 verba
646 3650 820 3713 sententiae
833 3650 982 3735 Origenie
1000 3658 1066 3735 jam
1077 3662 1231 3745 propofi..

112 3769 167 3821 tae
179 3767 235 3822 aut
250 3760 429 3839 repugnant
441 3760 497 3811 aut
509 3770 573 3813 non
586 3761 775 3835 repugnant.
824 3749 861 3816 si
880 3775 945 3817 non
960 3770 1158 3843 repugnant,
1183 3740 1229 3824 ne

111 3859 213 3921 verba
230 3851 363 3942 quidem
379 3849 518 3937 emplius
537 3871 619 3936 opus
639 3854 704 3929 est3
726 3852 899 3917 sinautem
916 3869 1114 3942 repugnant,
1142 3859 1229 3925 nihil

36 3999 40 4007 -
112 3960 174 4023 hae
185 3952 395 4045 repugnantia
409 3951 656 4028 demonstratur,
679 3973 792 4037 quam,
820 3965 991 4039 antequam
1008 3956 1169 4039 Origenes
1183 3959 1227 4025 ud

111 4059 219 4138 illurn,
246 4076 343 4146 quam
364 4074 384 4121 ο
402 4053 491 4119 libris
503 4062 611 4119 contra
625 4050 753 4119 Callum
768 4050 1039 4142 depromptum,
1059 4077 1226 4147 pervene-
