2572 4770
149 266 198 331 tt
454 253 543 351 Cup.
568 254 621 323 11.
670 252 957 333 Hermaeutica.

147 434 289 524 Ecquid
311 446 379 501 tam
400 447 567 511 tenerum,
594 432 671 522 quid
691 446 758 499 tarn
776 436 915 513 Meum,
936 450 1034 519 quam
1049 432 1098 495 est
1107 430 1185 512 ille,
1206 430 1266 519 qui

146 539 332 603 humiliavit
352 542 384 603 se
404 558 463 622 pro
481 537 574 599 nobie
594 556 697 621 usque
718 535 758 598 ad
777 545 930 611 mortem,
957 534 1157 599 et-auimam
1172 535 1263 599 suant

145 639 252 729 posuit
272 660 330 725 pro
349 638 460 701 amicis
479 635 566 701 suia?
608 637 737 701 Vitulue
758 638 814 699 ille
831 637 1005 715 saginatus,
1022 656 1121 722 quem
1132 656 1263 721 prote-

146 752 241 825 cepto
257 741 443 825 poenitente
455 740 523 803 lilio
533 738 657 819 jugulat
668 737 795 823 pater.”
845 736 959 800 Paucis
977 734 1170 815 interjectio,
1183 732 1260 799 'ex-

63 856 70 867 ‘
145 843 320 931 plicaturue
337 841 435 904 rerba
453 839 619 902 commatis
637 851 683 905 9.:
717 838 787 923 Ipse
806 849 914 900 autem
933 836 1100 901 Abrabam
1112 836 1260 903 adstabat

145 936 195 1008 eie
205 945 260 1006 sub
272 937 998 1026 arhore‚ficalloquiturnosterauditoreesurra:
1019 936 1259 1020 ’'Adhujutce-

145 1042 236 1109 tundi
247 1043 442 1107 narrationes
449 1040 643 1104 circumcisas
653 1060 746 1107 aurea
756 1038 957 1125 requirimus.
971 1085 979 1100 .
999 1036 1089 1117 Quid
1101 1040 1194 1103 enim
1204 1061 1260 1105 me

143 1148 252 1227 juvat,
269 1146 324 1231 qui
337 1143 413 1205 veni
425 1141 553 1221 audire,
580 1138 657 1227 quid
676 1140 803 1225 spiritus
815 1142 937 1202 sanctus
953 1140 1136 1221 humanum
1146 1136 1259 1205 doceat

10 1221 15 1236 ι
144 1264 264 1327 genus,
297 1242 487 1321 siaudiero,
521 1239 609 1329 qaod
629 1240 795 1303 Abraham
814 1242 913 1302 stabat
932 1243 989 1302 sub
1006 1238 1145 1303 arbore?
1191 1239 1256 1307 Sed

142 1344 331 1421 videamus,
358 1365 440 1430 quae
458 1346 494 1406 srt
513 1346 622 1423 arbor,
648 1345 704 1405 sub
721 1366 783 1429 qua
802 1343 900 1403 stabat
914 1341 1101 1421 Abraham,
1129 1352 1255 1405 etcon-

142 1446 268 1511 virtum
280 1442 411 1507 domiuo
427 1457 523 1530 atque
535 1446 656 1527 angelis
670 1444 851 1506 exhibebat.
881 1472 884 1479 ·
903 1442 969 1507 Sub
983 1445 1113 1519 arbore,
1139 1441 1254 1529 inquit,

95 1552 100 1563 '
142 1546 299 1614 Mambre.
346 1543 491 1607 Mambre
514 1547 549 1608 in
568 1546 671 1607 nostra
690 1545 796 1624 lingna
816 1544 988 1628 exponitur
1004 1544 1083 1605 vilio
1096 1543 1164 1607 five
1176 1567 1255 1633 per-

141 1649 282 1735 spicacia.
329 1644 450 1724 Vides,
478 1648 534 1732 qui
554 1659 586 1709 et
604 1646 706 1731 qualit
719 1648 764 1706 est
778 1645 881 1722 locus,
902 1644 936 1705 in
950 1666 1014 1728 quo
1028 1644 1254 1734 domiuutpo-

18 1732 23 1747 ⁸
139 1750 200 1813 test
216 1749 335 1825 habere
352 1745 564 1809 convivium?
612 1746 793 1809 Delectavit
812 1766 889 1808 eum
912 1743 991 1805 visto
1013 1756 1048 1807 et
1064 1747 1254 1833 perspicacia

139 1848 300 1917 Abrabae.
342 1846 419 1909 Frat
430 1849 518 1909 euim
532 1845 672 1910 muudus
688 1845 799 1925 corde,
820 1858 856 1908 ut
866 1847 969 1932 posset
979 1843 1091 1909 videre
1104 1845 1253 1930 Deum„

41 1984 47 2003 ·
138 1950 261 2017 Homil.
274 1947 320 2027 X,
338 1945 578 2034 titillemur).
595 1960 634 2013 88
648 1947 805 2027 Origenes
819 1948 879 2009 ait:
908 1946 985 2010 ”De
1000 1944 1148 2011 Rebecca
1168 1946 1253 2013 dici-
1271 1946 1276 1963 '

137 2062 192 2117 tur
204 2073 236 2113 v.
252 2062 308 2116 re:
327 2048 428 2128 Virgo
441 2060 509 2111 erat
522 2047 636 2112 decora
650 2049 761 2129 valde,
777 2060 810 2111 et
823 2048 873 2110 vir
884 2068 949 2109 non
962 2059 1157 2127 cognoverat
1169 2069 1250 2117 eum.

138 2150 205 2218 Sed
218 2148 295 2237 quid
308 2152 368 2213 hoc
381 2150 451 2213 est?
465 2198 473 2214 .
488 2196 497 2212 .
538 2151 636 2213 Estne
648 2152 753 2236 aliqua
765 2152 871 2228 virgo,
892 2168 988 2243 quam
999 2147 1168 2229 contigerit
1177 2150 1253 2217 vir?

138 2250 204 2317 Cur
215 2253 312 2330 igitur
324 2250 467 2313 additur:
487 2252 549 2315 Vir
560 2274 625 2313 nou
641 2261 832 2331 cognoverat
844 2246 940 2312 earn?
972 2248 1076 2335 Saepe
1089 2252 1158 2330 jam
1170 2248 1251 2335 dixi,

135 2350 223 2439 quod
235 2352 269 2411 in
282 2351 333 2412 bis
345 2373 411 2413 non
423 2352 570 2413 historiae
582 2364 766 2429 narrantur,
793 2347 849 2412 sed
860 2352 1008 2430 mysteria
1023 2363 1250 2422 contexuntur.

135 2446 218 2515 Tale
230 2469 305 2529 ergo
318 2451 353 2512 in
367 2453 428 2513 hoc
442 2451 563 2536 aliquid
575 2452 707 2516 indicari
721 2463 809 2538 puto.
858 2450 948 2515 Sicut
962 2452 1103 2519 Christus
1120 2458 1251 2523 animae

134 2550 186 2615 vir
201 2548 331 2628 dicitur,
354 2551 404 2612 cui
418 2552 509 2613 nubit
523 2552 647 2632 anima,
675 2576 748 2617 cum
767 2552 859 2615 veuit
878 2551 920 2613 ad
931 2552 1046 2631 fidem3
1066 2555 1113 2618 ita
1127 2569 1163 2621 et
1173 2560 1249 2623 huic

134 2654 310 2717 contrarius
330 2651 380 2712 vir
399 2652 454 2712 ille
475 2654 535 2723 est,
564 2657 614 2716 cui
628 2657 719 2717 nubit
730 2657 853 2733 anima,
875 2676 949 2717 curn
963 2653 1101 2719 declinat
1111 2656 1155 2719 ad
1169 2680 1251 2745 per-

132 2752 264 2833 fidiam
294 2754 360 2838 ipse
381 2755 453 2831 ille,
483 2755 538 2839 qui
557 2766 590 2819 et
610 2755 758 2819 iuimicus
776 2758 875 2819 horno
894 2754 1025 2834 dicitur,
1046 2778 1120 2819 cum
1132 2758 1250 2825 lolium

49 2910 52 2915 .
130 2855 298 2941 superserit
318 2855 451 2933 tritico„
464 2868 523 2918 etc.
574 2855 693 2920 Honril.
711 2856 786 2922 vll.
799 2859 833 2919 iu
847 2857 910 2923 Jos.
930 2858 994 2919 vol.
1008 2855 1051 2935 ΙΙ,
1066 2862 1247 2940 lactabas,

119 2966 268 3039 'quarum
285 2956 362 3018 sono
381 2956 601 3019 Hierichuntis
620 2958 706 3019 muri
724 2971 930 3036 corruerunt,
954 2958 1189 3043 interpretatur,
1202 2958 1247 3025 de

127 3053 220 3118 libris
232 3056 270 3121 N.
284 3056 323 3120 T.
374 3056 589 3121 commentar.
609 3057 644 3118 in
656 3055 770 3121 Matth.
787 3058 826 3121 T.
843 3058 887 3120 Χ.
909 3062 935 3143 l.
950 3068 1001 3126 28.
1023 3059 1090 3125 vol.
1106 3056 1168 3139 ΠΙ,
1181 3070 1246 3131 473

126 3156 269 3220 recitatis
288 3157 393 3221 verbis
414 3156 542 3238 (dletth.
563 3158 656 3235 XIV,
675 3162 745 3239 13)=
776 3158 874 3238 Quod
887 3181 959 3222 curn
975 3157 1123 3225 audiisset
1140 3162 1245 3245 Jesut,

125 3254 247 3320 secessit
262 3256 341 3321 inde
351 3258 386 3320 in
399 3261 545 3323 nauicula
557 3260 592 3322 in
607 3263 713 3325 locum
734 3259 894 3323 desertum
912 3261 1068 3340 seorsum,
1096 3260 1140 3325 ad
1155 3264 1243 3329 huuc

123 3354 234 3421 lucum
247 3360 327 3421 haec
340 3362 408 3423 sere
421 3358 514 3426 dicit:
546 3362 691 3441 „Ablato
711 3382 729 3423 a
745 3361 877 3425 sudabit
894 3384 993 3443 regno
1007 3362 1087 3443 Dei,
1113 3362 1243 3431 dabitur

122 3456 206 3523 illud
225 3463 389 3543 gentibus,
425 3474 457 3523 et
475 3482 534 3547 per
550 3461 633 3524 illud
650 3464 760 3548 plures
778 3466 850 3526 sunt
865 3465 925 3525 filii
947 3462 1107 3541 desertae,
1133 3486 1241 3552 neque

121 3562 298 3649 prophetas
309 3560 457 3639 edoctae,
479 3584 574 3647 quarn
588 3566 673 3641 ejus,
696 3585 778 3648 quae
793 3567 899 3628 virum
912 3567 1026 3643 habet,
1052 3586 1172 3651 nempe
1185 3568 1240 3631 le-

121 3680 197 3745 gem
210 3660 296 3744 (Get.
309 3661 369 3741 lv,
384 3666 450 3741 27).
499 3662 536 3726 In
557 3666 701 3725 navicula
715 3665 740 3726 ἱ.
754 3686 783 3728 e.
796 3666 831 3727 in
845 3687 977 3751 corpore
989 3666 1111 3729 secesfit
1126 3666 1162 3729 in
1176 3664 1239 3731 de-

121 3764 251 3837 sertum.
305 3762 388 3827 Cum
406 3773 514 3823 autem
535 3764 569 3824 in
589 3763 749 3825 desertum
768 3768 977 3847 pervenisset,
1009 3770 1152 3832 seorsum
1171 3778 1237 3833 erut

119 3862 158 3927 in
169 3864 246 3943 illo,
265 3860 352 3950 quod
368 3874 457 3925 extra
469 3883 593 3925 morem
607 3866 684 3925 esset
696 3866 781 3926 illius
796 3869 914 3943 sermo,
942 3866 1151 3953 doctrinaque
1168 3874 1236 3951 ejus

119 3976 248 4047 praeter
259 3961 502 4027 consuetudines
515 3976 547 4024 et
560 3966 735 4028 sanctiones
750 3968 891 4046 gentium
900 3969 920 4000 ’'
936 3981 996 4032 etc.
1047 3967 1086 4031 T.
1102 3968 1181 4050 XV,
1197 3977 1234 4037 ts

117 4060 154 4125 in
167 4062 282 4129 Mattb.
298 4066 363 4128 vol.
377 4062 435 4143 ΠΙ,
452 4077 512 4129 702
526 4066 593 4149 sqq.
607 4069 703 4129 verba
717 4068 848 4145 (ttatth.
862 4067 941 4145 XX,
955 4081 984 4134 6.
1003 4072 1055 4151 7):
1079 4068 1171 4149 Quid
1181 4072 1234 4133 hic

117 4162 208 4225 suti·
225 4164 342 4231 otiosi?
363 4177 422 4229 cet.
442 4166 722 4249 praeexistentiam
743 4169 924 4231 animarum
945 4172 1087 4253 spectare
1110 4174 1172 4249 ait,
1199 4176 1235 4235 et
