2572 4770
264 168 271 183 ἢ
387 256 576 349 Didyma.
599 247 848 348 (mugiat
1097 262 1169 331 att

60 438 117 528 qui
134 436 293 527 particeps
310 439 356 503 est
378 436 497 520 getiae
515 436 590 501 iesu
604 432 736 515 Christi,
763 429 1054 511 eandem-gretiam
1066 434 1176 521 habet,

60 541 171 604 datam
185 553 306 627 epatre
319 561 377 628 per
388 540 533 626 spiritum
544 539 696 602 sunctum.
738 534 778 600 In
792 535 940 597 omnibus
952 536 1040 599 enim
1053 542 1177 624 appross

59 644 155 709 betur
175 639 312 705 eandem
332 640 553 727 operationem
572 639 635 702 esse
654 637 753 724 patrie
775 648 809 700 et
832 637 892 699 iitii
911 648 944 698 et
962 637 1089 722 spiritua
1109 641 1175 705 icti.

61 739 212 822 Quorum
232 755 341 805 autern
359 760 425 804 uua
443 741 490 803 est
510 739 671 826 operatio,
698 760 762 801 una
782 739 828 803 est
846 749 879 800 et
896 739 1080 820 substantia3
1100 740 1177 827 quin
1240 810 1243 815 ,

62 862 146 931 quae
160 840 305 922 ejusdem
318 839 524 919 substantiae,
537 829 703 921 ὃμοούσια
712 841 801 919 sunt,
817 836 948 903 eaedem
960 841 1079 903 babent
1091 862 1177 927 ope*

59 946 223 1022 mannes,
258 955 292 1005 et
305 962 387 1028 quae
400 940 532 1005 alteriue
545 940 735 1003 substantiae
753 952 785 1004 et
804 930 1035 1022 denunciata,
1053 940 1177 1007 dissona

61 1056 160 1131 atque
175 1041 422 1122 diverterunt„
463 1038 512 1106 lb.
525 1038 568 1105 11.
584 1060 626 1127 φ.
642 1050 720 1106 ⁵07:
747 1041 937 1129 ”operante
954 1054 1046 1127 patre
1059 1043 1179 1105 multia·

60 1140 180 1234 plicem
196 1145 421 1207 charismatum
434 1138 687 1228 plenitudinem,
707 1141 900 1227 muliipliont
914 1162 986 1205 eam
999 1142 1088 1206 fitia·
1098 1144 1180 1207 tete

61 1248 223 1311 sistentem
245 1245 469 1332 perspiritum
490 1244 658 1320 sanctum„
680 1241 784 1328 (quod
809 1263 913 1328 paene
935 1239 1052 1305 iisdem
1069 1244 1180 1308 mbie

62 1345 224 1427 Origenes
248 1342 355 1425 dixit).
404 1341 453 1409 Ib.
467 1365 501 1431 p.
516 1353 594 1407 ⁵08:
621 1342 735 1405 P’Haec
752 1344 799 1406 est
811 1344 895 1407 salue
910 1341 1123 1424 credentium,
1144 1354 1180 1408 et
1267 1380 1270 1385 ·

63 1445 257 1534 dispensatio
270 1445 494 1509 ecclesiasticae
507 1441 689 1527 disciplinae
695 1444 736 1505 in
750 1445 816 1505 hac.
823 1444 963 1508 trinitate
978 1444 1149 1530 perficitur.
1157 1492 1179 1527 „

63 1545 194 1630 „Quod
213 1568 232 1608 a
252 1558 396 1609 creatura
416 1543 555 1625 gignitur
576 1540 633 1622 (de
647 1556 686 1606 tr.
699 1542 726 1623 l,
743 1554 793 1623 15,
806 1547 881 1624 26),
901 1560 960 1630 per
973 1548 1181 1610 communiu-

63 1670 142 1713 uem
164 1647 294 1711 alteriue
314 1645 357 1709 ad
378 1645 515 1707 aiterum
538 1656 723 1722 generatur,
751 1664 859 1729 neque
877 1645 1025 1723 ejusdem
1046 1642 1180 1713 naturas

63 1754 112 1815 est
126 1748 199 1812 c'um
214 1757 406 1829 generante,
421 1764 481 1807 nec
494 1747 672 1828 perfectum
686 1742 789 1804 statim
802 1745 863 1821 est,
878 1766 940 1809 nec
956 1747 1023 1811 sine
1036 1740 1181 1833 passione
1255 1794 1259 1811 .

63 1850 226 1941 procedit:
245 1850 283 1909 in
298 1844 465 1907 divinitate
476 1862 556 1906 uero
565 1864 618 1906 rea
628 1835 783 1905 contraria
795 1843 919 1905 ratione
927 1846 960 1908 se
968 1848 1084 1931 hebet,
1103 1872 1181 1925 nam

63 1970 139 2017 cum
156 1960 297 2013 creatura
312 1944 355 2006 fic
367 1954 515 2023 generet,
542 1943 755 2022 generationis
773 1954 882 2005 auctor
901 1949 1059 2011 contrario
1080 1951 1180 2015 modo
1264 1984 1267 1989 ·

63 2053 181 2135 gignit,
208 2068 275 2111 non
288 2065 372 2107 -vero
391 2042 537 2105 similiter
555 2052 592 2103 ut
607 2042 754 2127 propriae
770 2042 1035 2111 iliiue'creaturae
1047 2051 1182 2134 iaciunt,¹

63 2151 122 2216 sed
141 2146 312 2223 eomodo,
341 2163 440 2229 quern
458 2143 515 2204 illa
529 2141 685 2205 duntaxat
695 2143 857 2223 cognitum
868 2145 982 2225 habet,
1003 2169 1086 2234 quae
1098 2144 1180 2216 haec

64 2253 178 2330 novit,
198 2253 291 2312 beata
306 2245 430 2337 trinitas
448 2232 484 2331 (ἦ
496 2236 650 2326 μακαρία
666 2234 798 2329 τριάς»
812 2252 911 2309 mem.
923 2268 1029 2333 neque
1049 2249 1179 2314 incom-

62 2350 288 2444 prehensibilia
306 2347 400 2424 esset,
425 2320 898 2429 ficompiehenderetur,:;uec
917 2348 1107 2428 mysterium
1122 2353 1183 2415 so-

62 2468 114 2522 ret
127 2457 152 2519 ss
165 2452 421 2533 cognosceretur,
442 2467 502 2511 uec
516 2443 644 2527 Demsi
656 2459 837 2530 caperetur,
863 2467 923 2509 nec
938 2449 1085 2513 omnium
1097 2470 1183 2515 conz-

64 2556 166 2633 ditor,
199 2555 225 2616 si
246 2563 332 2614 certo
350 2561 497 2632 tempore
513 2545 608 2607 existi
627 2546 805 2631 coepisset,
821 2568 883 2611 uec
902 2549 1128 2637 incompositus
1144 2528 1182 2619 ιοι

64 2657 208 2746 partibus
226 2671 352 2726 carane,
379 2649 405 2712 si
426 2669 501 2711 cum
516 2647 700 2731 corporibus
712 2649 852 2711 conferri
866 2651 1006 2734 posset.'’
1049 2654 1129 2733 „Ex
1140 2674 1181 2719 ao

65 2754 152 2846 quod
167 2756 206 2817 sit
219 2764 310 2838 pater
324 2750 381 2828 (ib.
396 2770 427 2833 p.
446 2752 501 2828 tt)
524 2746 700 2825 colligitur,
727 2767 803 2810 eum
816 2771 920 2836 neque
933 2763 1096 2838 ternpore,
1120 2776 1181 2823 nee

66 2856 198 2924 essentia
210 2852 344 2915 differre
367 2869 385 2909 e
409 2849 477 2910 filio
497 2858 553 2909 aut
572 2867 590 2908 a
611 2846 721 2933 spiritu
739 2849 855 2933 ipsius,
883 2873 959 2914 nam
981 2854 1007 2914 si
1026 2858 1183 2940 posteriue

64 2962 229 3043 gigneret,
247 2953 473 3015 immutaretur
485 2960 541 3011 aut
552 2960 809 3028 conuerteretur,
837 2950 924 3036 quod
941 2954 1083 3021 alienum
1104 2962 1183 3025 etta

64 3055 224 3125 deitate.'’
271 3052 319 3117 lb.
335 3073 360 3113 c.
377 3063 426 3116 18.
448 3072 481 3136 p.
499 3059 538 3113 ⁵2
562 3045 642 3110 dum
661 3049 831 3134 scripturae
850 3055 871 3116 i.
891 3056 970 3119 socia
986 3063 1181 3146 comprobat,

65 3173 100 3225 et
120 3171 245 3247 patrem
265 3166 296 3217 et
314 3154 419 3216 filium
440 3163 474 3215 et
494 3149 640 3235 spiritum
659 3151 682 3212 s.
701 3152 803 3215 bonos
823 3157 996 3239 appellari,
1023 3158 1185 3228 concludit

66 3264 133 3326 eise
153 3261 215 3322 hos
230 3246 444 3337 ὁμοουσίους.
489 3298 510 3329 ,,
517 3250 709 3314 Divinarum
725 3250 878 3332 autem”,
903 3255 1011 3343 inquit
1022 3261 1067 3324 ib.
1081 3284 1113 3348 p.
1130 3278 1182 3345 56,

66 3361 250 3446 „omnique
264 3360 387 3420 honore
399 3349 605 3415 colendarum
619 3353 834 3438 hypostasum
849 3359 992 3441 aequalia
1004 3362 1055 3425 uic
1067 3382 1104 3424 ac
1115 3386 1182 3449 poa

66 3463 169 3527 tentia
189 3463 224 3522 iu
246 3478 286 3520 eo
307 3456 406 3517 etiam
423 3454 568 3515 similiter
585 3455 792 3534 significatur,
818 3455 904 3541 quod
923 3457 1072 3525 dominus
1088 3453 1183 3529 Daue¹

66 3566 214 3630 Verbum
230 3580 289 3647 per
301 3553 494 3643 praedictam
510 3556 600 3617 suern
612 3552 653 3616 de
667 3556 826 3641 baptismo
839 3559 971 3640 hymnis
984 3563 1109 3648 semper
1123 3584 1184 3628 cet·

66 3662 254 3737 lebrandarn
274 3678 388 3721 vocem
409 3654 633 3742 aequalitatem
654 3657 786 3721 honoria
805 3680 878 3720 cum
891 3673 981 3746 patre
993 3664 1052 3727 sibi
1066 3677 1101 3727 et
1111 3667 1183 3753 spi-¹

66 3768 145 3831 ritui
167 3767 190 3829 s.
214 3760 398 3826 servaverit.
455 3755 567 3842 Atque
587 3759 629 3818 oh
652 3758 738 3820 hanc
760 3760 987 3843 aequalitatem
1006 3764 1082 3827 sacri
1105 3758 1182 3832 libri

66 3865 168 3933 modo
188 3863 320 3951 quidem
337 3859 427 3945 priua
443 3857 642 3920 mentionem
662 3858 784 3921 faciunt
805 3861 923 3945 patria,
955 3874 1026 3927 tum
1044 3867 1103 3929 iiiii
1124 3866 1180 3934 ant

67 3966 195 4054 spirituc
214 3967 256 4042 [ς
286 3957 385 4023 modo
403 3979 482 4021 vero
498 3959 587 4045 priua
606 3970 786 4023 memorant
802 3962 924 4040 filium,
958 3966 1047 4053 quod
1064 3954 1181 4035 natura

64 4072 108 4134 ab
128 4067 170 4128 iia
187 4060 372 4127 individuus
390 4060 429 4121 sit
444 4070 479 4122 et
497 4057 584 4145 quod
601 4058 664 4122 Dei
678 4081 796 4123 nomen
810 4063 876 4124 siue
888 4065 953 4153 ulia
968 4062 1181 4157 discrepantia

66 4168 219 4237 mutua
238 4159 452 4247 conueniat?⁴
498 4159 660 4250 „raupta
678 4163 763 4230 hm
783 4162 885 4252 ipsum
903 4185 1000 4256 pom
1018 4170 1180 4243 “eom
