<?xml version="1.0" encoding="UTF-8"?>
<!DOCTYPE html PUBLIC "-//W3C//DTD XHTML 1.0 Transitional//EN"
    "http://www.w3.org/TR/xhtml1/DTD/xhtml1-transitional.dtd">
<html xmlns="http://www.w3.org/1999/xhtml" xml:lang="en" lang="en">
 <head>
  <title>
</title>
<meta http-equiv="Content-Type" content="text/html;charset=utf-8" />
  <meta name='ocr-system' content='tesseract 3.04.00' />
  <meta name='ocr-capabilities' content='ocr_page ocr_carea ocr_par ocr_line ocrx_word'/>
</head>
<body>
  <div class='ocr_page' id='page_1' title='image "./descholaquaeale00guergoog/descholaquaeale00guergoog_0567.png"; bbox 0 0 2572 4770; ppageno 0'>
   <div class='ocr_carea' id='block_1_1' title="bbox 114 124 135 189">
    <p class='ocr_par' dir='ltr' id='par_1_1' title="bbox 114 124 135 189">
     <span class='ocr_line' id='line_1_1' title="bbox 114 124 135 189; baseline 0 0"><span class='ocrx_word' id='word_1_1' title='bbox 114 124 135 189; x_wconf 75' lang='grc' dir='ltr'><strong>ν’</strong></span> 
     </span>
    </p>
   </div>
   <div class='ocr_carea' id='block_1_2' title="bbox 509 175 1181 313">
    <p class='ocr_par' dir='ltr' id='par_1_2' title="bbox 509 175 1181 313">
     <span class='ocr_line' id='line_1_2' title="bbox 509 175 1181 313; baseline 0.012 -40"><span class='ocrx_word' id='word_1_2' title='bbox 509 304 514 313; x_wconf 76' lang='lat'><strong>.</strong></span> <span class='ocrx_word' id='word_1_3' title='bbox 546 206 714 276; x_wconf 79' lang='lat' dir='ltr'><strong>Clemens.</strong></span> <span class='ocrx_word' id='word_1_4' title='bbox 1111 175 1181 282; x_wconf 71' lang='lat' dir='ltr'><strong>tat</strong></span> 
     </span>
    </p>
   </div>
   <div class='ocr_carea' id='block_1_3' title="bbox 52 383 1270 3292">
    <p class='ocr_par' dir='ltr' id='par_1_3' title="bbox 52 383 1270 3292">
     <span class='ocr_line' id='line_1_3' title="bbox 71 383 1270 475; baseline 0.005 -26"><span class='ocrx_word' id='word_1_5' title='bbox 71 396 174 466; x_wconf 88' lang='lat' dir='ltr'><strong>terra,</strong></span> <span class='ocrx_word' id='word_1_6' title='bbox 200 397 233 450; x_wconf 91' lang='lat' dir='ltr'><strong>et</strong></span> <span class='ocrx_word' id='word_1_7' title='bbox 246 405 379 468; x_wconf 84' lang='lat' dir='ltr'><strong>regnum</strong></span> <span class='ocrx_word' id='word_1_8' title='bbox 393 383 478 473; x_wconf 89' lang='lat' dir='ltr'><strong>qnod</strong></span> <span class='ocrx_word' id='word_1_9' title='bbox 491 387 536 449; x_wconf 86' lang='lat' dir='ltr'><strong>eit</strong></span> <span class='ocrx_word' id='word_1_10' title='bbox 550 407 568 449; x_wconf 88' lang='lat' dir='ltr'><strong>a</strong></span> <span class='ocrx_word' id='word_1_11' title='bbox 582 387 699 451; x_wconf 85' lang='lat' dir='ltr'><strong>finibus</strong></span> <span class='ocrx_word' id='word_1_12' title='bbox 713 385 753 450; x_wconf 87' lang='lat' dir='ltr'><strong>ad</strong></span> <span class='ocrx_word' id='word_1_13' title='bbox 766 388 849 452; x_wconf 79' lang='lat' dir='ltr'><strong>lines</strong></span> <span class='ocrx_word' id='word_1_14' title='bbox 867 387 980 451; x_wconf 87' lang='lat' dir='ltr'><strong>oceani</strong></span> <span class='ocrx_word' id='word_1_15' title='bbox 997 384 1193 475; x_wconf 63' lang='lat' dir='ltr'><strong>despiciens,</strong></span> <span class='ocrx_word' id='word_1_16' title='bbox 1267 460 1270 467; x_wconf 68' lang='grc'>,</span> 
     </span>
     <span class='ocr_line' id='line_1_4' title="bbox 71 486 1187 573; baseline 0.003 -24"><span class='ocrx_word' id='word_1_17' title='bbox 71 498 109 549; x_wconf 87' lang='lat' dir='ltr'><strong>ut</strong></span> <span class='ocrx_word' id='word_1_18' title='bbox 128 489 229 549; x_wconf 83' lang='lat' dir='ltr'><strong>solum</strong></span> <span class='ocrx_word' id='word_1_19' title='bbox 247 486 370 549; x_wconf 90' lang='lat' dir='ltr'><strong>domini</strong></span> <span class='ocrx_word' id='word_1_20' title='bbox 384 488 504 549; x_wconf 89' lang='lat' dir='ltr'><strong>cultum</strong></span> <span class='ocrx_word' id='word_1_21' title='bbox 521 500 638 552; x_wconf 87' lang='lat' dir='ltr'><strong>teneat.</strong></span> <span class='ocrx_word' id='word_1_22' title='bbox 682 487 838 573; x_wconf 79' lang='lat' dir='ltr'><strong>Quocirca</strong></span> <span class='ocrx_word' id='word_1_23' title='bbox 852 502 884 552; x_wconf 91' lang='lat' dir='ltr'><strong>et</strong></span> <span class='ocrx_word' id='word_1_24' title='bbox 901 487 1072 552; x_wconf 82' lang='lat' dir='ltr'><strong>comedens</strong></span> <span class='ocrx_word' id='word_1_25' title='bbox 1084 501 1116 552; x_wconf 86' lang='lat' dir='ltr'><strong>et</strong></span> <span class='ocrx_word' id='word_1_26' title='bbox 1129 490 1187 552; x_wconf 87' lang='lat' dir='ltr'><strong>bi-</strong></span> 
     </span>
     <span class='ocr_line' id='line_1_5' title="bbox 71 581 1183 675; baseline 0.006 -29"><span class='ocrx_word' id='word_1_27' title='bbox 71 588 152 648; x_wconf 87' lang='lat' dir='ltr'><strong>bens</strong></span> <span class='ocrx_word' id='word_1_28' title='bbox 174 597 207 648; x_wconf 93' lang='lat' dir='ltr'><strong>et</strong></span> <span class='ocrx_word' id='word_1_29' title='bbox 229 608 365 650; x_wconf 89' lang='lat' dir='ltr'><strong>uxorem</strong></span> <span class='ocrx_word' id='word_1_30' title='bbox 386 585 521 666; x_wconf 88' lang='lat' dir='ltr'><strong>ducens,</strong></span> <span class='ocrx_word' id='word_1_31' title='bbox 554 589 578 652; x_wconf 83' lang='lat' dir='ltr'><strong>fi</strong></span> <span class='ocrx_word' id='word_1_32' title='bbox 598 588 682 652; x_wconf 88' lang='lat' dir='ltr'><strong>dicat</strong></span> <span class='ocrx_word' id='word_1_33' title='bbox 701 590 827 670; x_wconf 83' lang='lat' dir='ltr'><strong>L0g0s‚</strong></span> <span class='ocrx_word' id='word_1_34' title='bbox 862 581 1037 675; x_wconf 82' lang='lat' dir='ltr'><strong>quinetiam</strong></span> <span class='ocrx_word' id='word_1_35' title='bbox 1061 588 1183 653; x_wconf 76' lang='lat' dir='ltr'><strong>somnia</strong></span> 
     </span>
     <span class='ocr_line' id='line_1_6' title="bbox 71 685 1183 775; baseline 0.005 -30"><span class='ocrx_word' id='word_1_36' title='bbox 71 686 241 770; x_wconf 79' lang='lat' dir='ltr'><strong>aspiciens,</strong></span> <span class='ocrx_word' id='word_1_37' title='bbox 270 688 373 749; x_wconf 84' lang='lat' dir='ltr'><strong>lancta</strong></span> <span class='ocrx_word' id='word_1_38' title='bbox 393 689 471 750; x_wconf 87' lang='lat' dir='ltr'><strong>facit</strong></span> <span class='ocrx_word' id='word_1_39' title='bbox 492 698 524 749; x_wconf 87' lang='lat' dir='ltr'><strong>et</strong></span> <span class='ocrx_word' id='word_1_40' title='bbox 544 691 676 770; x_wconf 85' lang='lat' dir='ltr'><strong>cogitat,</strong></span> <span class='ocrx_word' id='word_1_41' title='bbox 704 692 884 753; x_wconf 80' lang='lat' dir='ltr'><strong>curatione</strong></span> <span class='ocrx_word' id='word_1_42' title='bbox 904 691 1028 773; x_wconf 81' lang='lat' dir='ltr'>semper</span> <span class='ocrx_word' id='word_1_43' title='bbox 1042 685 1183 775; x_wconf 79' lang='lat' dir='ltr'><strong>mundus</strong></span> 
     </span>
     <span class='ocr_line' id='line_1_7' title="bbox 70 785 1201 875; baseline 0.003 -27"><span class='ocrx_word' id='word_1_44' title='bbox 70 785 113 848; x_wconf 87' lang='lat' dir='ltr'><strong>ad</strong></span> <span class='ocrx_word' id='word_1_45' title='bbox 128 787 315 850; x_wconf 88' lang='lat' dir='ltr'><strong>orationem.</strong></span> <span class='ocrx_word' id='word_1_46' title='bbox 339 837 348 852; x_wconf 84' lang='lat'><strong>.</strong></span> <span class='ocrx_word' id='word_1_47' title='bbox 388 787 524 850; x_wconf 89' lang='lat' dir='ltr'><strong>Audita</strong></span> <span class='ocrx_word' id='word_1_48' title='bbox 539 786 688 853; x_wconf 88' lang='lat' dir='ltr'><strong>domino:</strong></span> <span class='ocrx_word' id='word_1_49' title='bbox 717 792 788 856; x_wconf 87' lang='lat' dir='ltr'><strong>Non</strong></span> <span class='ocrx_word' id='word_1_50' title='bbox 802 812 861 854; x_wconf 87' lang='lat' dir='ltr'><strong>vos</strong></span> <span class='ocrx_word' id='word_1_51' title='bbox 876 789 1012 875; x_wconf 89' lang='lat' dir='ltr'><strong>amplius</strong></span> <span class='ocrx_word' id='word_1_52' title='bbox 1028 787 1098 851; x_wconf 90' lang='lat' dir='ltr'><strong>dico</strong></span> <span class='ocrx_word' id='word_1_53' title='bbox 1114 792 1201 851; x_wconf 61' lang='lat' dir='ltr'><strong>fer-¹</strong></span> 
     </span>
     <span class='ocr_line' id='line_1_8' title="bbox 70 885 1235 977; baseline 0.004 -29"><span class='ocrx_word' id='word_1_54' title='bbox 70 906 147 964; x_wconf 83' lang='lat' dir='ltr'><strong>vos,</strong></span> <span class='ocrx_word' id='word_1_55' title='bbox 178 885 233 949; x_wconf 85' lang='lat' dir='ltr'><strong>led</strong></span> <span class='ocrx_word' id='word_1_56' title='bbox 256 889 391 969; x_wconf 81' lang='lat' dir='ltr'><strong>amicos3</strong></span> <span class='ocrx_word' id='word_1_57' title='bbox 421 899 538 950; x_wconf 90' lang='lat' dir='ltr'><strong>etcum</strong></span> <span class='ocrx_word' id='word_1_58' title='bbox 558 887 674 952; x_wconf 80' lang='lat' dir='ltr'><strong>fiducia</strong></span> <span class='ocrx_word' id='word_1_59' title='bbox 693 890 813 954; x_wconf 87' lang='lat' dir='ltr'><strong>aceedit</strong></span> <span class='ocrx_word' id='word_1_60' title='bbox 836 889 877 953; x_wconf 84' lang='lat' dir='ltr'><strong>ad</strong></span> <span class='ocrx_word' id='word_1_61' title='bbox 897 911 1017 977; x_wconf 83' lang='lat' dir='ltr'><strong>preces.</strong></span> <span class='ocrx_word' id='word_1_62' title='bbox 1070 887 1183 954; x_wconf 87' lang='lat' dir='ltr'><strong>Genus</strong></span> <span class='ocrx_word' id='word_1_63' title='bbox 1231 902 1235 913; x_wconf 91' lang='grc'><strong>“</strong></span> 
     </span>
     <span class='ocr_line' id='line_1_9' title="bbox 68 987 1181 1078; baseline 0.002 -29"><span class='ocrx_word' id='word_1_64' title='bbox 68 998 178 1049; x_wconf 86' lang='lat' dir='ltr'><strong>autern</strong></span> <span class='ocrx_word' id='word_1_65' title='bbox 194 987 295 1072; x_wconf 77' lang='lat' dir='ltr'><strong>ipsum</strong></span> <span class='ocrx_word' id='word_1_66' title='bbox 308 988 498 1074; x_wconf 79' lang='lat' dir='ltr'><strong>precationis</strong></span> <span class='ocrx_word' id='word_1_67' title='bbox 514 990 558 1051; x_wconf 84' lang='lat' dir='ltr'><strong>elt</strong></span> <span class='ocrx_word' id='word_1_68' title='bbox 572 992 742 1070; x_wconf 88' lang='lat' dir='ltr'><strong>gratiarum</strong></span> <span class='ocrx_word' id='word_1_69' title='bbox 758 992 838 1054; x_wconf 89' lang='lat' dir='ltr'><strong>actio</strong></span> <span class='ocrx_word' id='word_1_70' title='bbox 856 1002 985 1078; x_wconf 92' lang='lat' dir='ltr'><strong>propter</strong></span> <span class='ocrx_word' id='word_1_71' title='bbox 998 990 1181 1076; x_wconf 85' lang='lat' dir='ltr'><strong>praeterita,</strong></span> 
     </span>
     <span class='ocr_line' id='line_1_10' title="bbox 66 1089 1180 1178; baseline 0.003 -29"><span class='ocrx_word' id='word_1_72' title='bbox 66 1090 244 1174; x_wconf 84' lang='lat' dir='ltr'><strong>praesentia</strong></span> <span class='ocrx_word' id='word_1_73' title='bbox 266 1100 298 1151; x_wconf 92' lang='lat' dir='ltr'><strong>et</strong></span> <span class='ocrx_word' id='word_1_74' title='bbox 313 1089 436 1167; x_wconf 85' lang='lat' dir='ltr'><strong>futura,</strong></span> <span class='ocrx_word' id='word_1_75' title='bbox 465 1100 502 1150; x_wconf 91' lang='lat' dir='ltr'><strong>ut</strong></span> <span class='ocrx_word' id='word_1_76' title='bbox 521 1111 603 1174; x_wconf 89' lang='lat' dir='ltr'><strong>quaa</strong></span> <span class='ocrx_word' id='word_1_77' title='bbox 623 1092 684 1153; x_wconf 84' lang='lat' dir='ltr'><strong>[int</strong></span> <span class='ocrx_word' id='word_1_78' title='bbox 704 1112 762 1178; x_wconf 90' lang='lat' dir='ltr'><strong>per</strong></span> <span class='ocrx_word' id='word_1_79' title='bbox 783 1091 910 1153; x_wconf 86' lang='lat' dir='ltr'><strong>fidem</strong></span> <span class='ocrx_word' id='word_1_80' title='bbox 900 1112 965 1170; x_wconf 79' lang='lat' dir='ltr'><strong>Jam</strong></span> <span class='ocrx_word' id='word_1_81' title='bbox 983 1092 1180 1177; x_wconf 55' lang='lat' dir='ltr'><strong>praesentim</strong></span> 
     </span>
     <span class='ocr_line' id='line_1_11' title="bbox 66 1186 1182 1278; baseline 0.01 -29"><span class='ocrx_word' id='word_1_82' title='bbox 66 1186 100 1249; x_wconf 90' lang='lat' dir='ltr'><strong>id</strong></span> <span class='ocrx_word' id='word_1_83' title='bbox 129 1201 237 1251; x_wconf 88' lang='lat' dir='ltr'><strong>antem</strong></span> <span class='ocrx_word' id='word_1_84' title='bbox 264 1191 453 1271; x_wconf 77' lang='lat' dir='ltr'><strong>cognitionis</strong></span> <span class='ocrx_word' id='word_1_85' title='bbox 479 1189 642 1275; x_wconf 89' lang='lat' dir='ltr'><strong>praecedit</strong></span> <span class='ocrx_word' id='word_1_86' title='bbox 664 1193 849 1278; x_wconf 90' lang='lat' dir='ltr'><strong>acceptio(</strong></span> <span class='ocrx_word' id='word_1_87' title='bbox 856 1214 886 1278; x_wconf 90' lang='lat' dir='ltr'><strong>p.</strong></span> <span class='ocrx_word' id='word_1_88' title='bbox 913 1194 1014 1272; x_wconf 88' lang='lat'><strong>880).</strong></span> <span class='ocrx_word' id='word_1_89' title='bbox 1067 1188 1182 1271; x_wconf 72' lang='lat' dir='ltr'><strong>Quin-⁹</strong></span> 
     </span>
     <span class='ocr_line' id='line_1_12' title="bbox 66 1289 1181 1378; baseline 0.004 -29"><span class='ocrx_word' id='word_1_90' title='bbox 66 1289 165 1350; x_wconf 84' lang='lat' dir='ltr'><strong>etiam</strong></span> <span class='ocrx_word' id='word_1_91' title='bbox 194 1291 275 1375; x_wconf 86' lang='lat' dir='ltr'><strong>petit</strong></span> <span class='ocrx_word' id='word_1_92' title='bbox 307 1303 341 1353; x_wconf 89' lang='lat' dir='ltr'><strong>ut</strong></span> <span class='ocrx_word' id='word_1_93' title='bbox 366 1290 456 1353; x_wconf 80' lang='lat' dir='ltr'><strong>vivat</strong></span> <span class='ocrx_word' id='word_1_94' title='bbox 482 1294 584 1355; x_wconf 82' lang='lat' dir='ltr'><strong>vitam</strong></span> <span class='ocrx_word' id='word_1_95' title='bbox 613 1293 648 1355; x_wconf 91' lang='lat' dir='ltr'><strong>in</strong></span> <span class='ocrx_word' id='word_1_96' title='bbox 674 1315 768 1357; x_wconf 86' lang='lat' dir='ltr'><strong>carue</strong></span> <span class='ocrx_word' id='word_1_97' title='bbox 796 1290 985 1374; x_wconf 80' lang='lat' dir='ltr'><strong>definitam,</strong></span> <span class='ocrx_word' id='word_1_98' title='bbox 1025 1303 1181 1378; x_wconf 79' lang='lat' dir='ltr'><strong>tanquam</strong></span> 
     </span>
     <span class='ocr_line' id='line_1_13' title="bbox 65 1340 1222 1478; baseline 0.002 -27"><span class='ocrx_word' id='word_1_99' title='bbox 65 1392 241 1471; x_wconf 78' lang='lat' dir='ltr'><strong>gnosticos,</strong></span> <span class='ocrx_word' id='word_1_100' title='bbox 269 1402 423 1476; x_wconf 86' lang='lat' dir='ltr'><strong>tanquam</strong></span> <span class='ocrx_word' id='word_1_101' title='bbox 442 1411 558 1478; x_wconf 81' lang='lat' dir='ltr'>expers</span> <span class='ocrx_word' id='word_1_102' title='bbox 581 1396 701 1473; x_wconf 84' lang='lat' dir='ltr'><strong>carnis,</strong></span> <span class='ocrx_word' id='word_1_103' title='bbox 730 1405 763 1458; x_wconf 90' lang='lat' dir='ltr'><strong>et</strong></span> <span class='ocrx_word' id='word_1_104' title='bbox 781 1340 990 1478; x_wconf 81' lang='lat' dir='ltr'><strong>consequatui</strong></span> <span class='ocrx_word' id='word_1_105' title='bbox 1009 1411 1091 1478; x_wconf 86' lang='lat' dir='ltr'><strong>quae</strong></span> <span class='ocrx_word' id='word_1_106' title='bbox 1105 1393 1179 1454; x_wconf 85' lang='lat' dir='ltr'><strong>lunt</strong></span> <span class='ocrx_word' id='word_1_107' title='bbox 1215 1392 1222 1411; x_wconf 79' lang='lat'>&#39;</span> 
     </span>
     <span class='ocr_line' id='line_1_14' title="bbox 66 1491 1178 1578; baseline 0 -25"><span class='ocrx_word' id='word_1_108' title='bbox 66 1493 210 1576; x_wconf 89' lang='lat' dir='ltr'><strong>optima,</strong></span> <span class='ocrx_word' id='word_1_109' title='bbox 257 1493 359 1572; x_wconf 87' lang='lat' dir='ltr'><strong>fugiat</strong></span> <span class='ocrx_word' id='word_1_110' title='bbox 393 1503 501 1553; x_wconf 86' lang='lat' dir='ltr'><strong>autem</strong></span> <span class='ocrx_word' id='word_1_111' title='bbox 537 1514 619 1578; x_wconf 88' lang='lat' dir='ltr'><strong>quae</strong></span> <span class='ocrx_word' id='word_1_112' title='bbox 649 1495 722 1558; x_wconf 84' lang='lat' dir='ltr'><strong>lunt</strong></span> <span class='ocrx_word' id='word_1_113' title='bbox 754 1492 920 1555; x_wconf 80' lang='lat' dir='ltr'><strong>deteriora.</strong></span> <span class='ocrx_word' id='word_1_114' title='bbox 985 1491 1069 1555; x_wconf 84' lang='lat' dir='ltr'><strong>Petit</strong></span> <span class='ocrx_word' id='word_1_115' title='bbox 1096 1493 1178 1553; x_wconf 83' lang='lat' dir='ltr'><strong>sub-</strong></span> 
     </span>
     <span class='ocr_line' id='line_1_15' title="bbox 63 1591 1179 1680; baseline 0.002 -28"><span class='ocrx_word' id='word_1_116' title='bbox 63 1591 260 1655; x_wconf 78' lang='lat' dir='ltr'><strong>levationem</strong></span> <span class='ocrx_word' id='word_1_117' title='bbox 280 1612 406 1679; x_wconf 89' lang='lat' dir='ltr'><strong>quoque</strong></span> <span class='ocrx_word' id='word_1_118' title='bbox 429 1609 542 1654; x_wconf 89' lang='lat' dir='ltr'><strong>eorum</strong></span> <span class='ocrx_word' id='word_1_119' title='bbox 563 1614 645 1680; x_wconf 86' lang='lat' dir='ltr'><strong>quae</strong></span> <span class='ocrx_word' id='word_1_120' title='bbox 667 1615 726 1657; x_wconf 88' lang='lat' dir='ltr'><strong>nos</strong></span> <span class='ocrx_word' id='word_1_121' title='bbox 743 1593 961 1680; x_wconf 83' lang='lat' dir='ltr'><strong>peccavimus,</strong></span> <span class='ocrx_word' id='word_1_122' title='bbox 988 1604 1021 1654; x_wconf 91' lang='lat' dir='ltr'><strong>et</strong></span> <span class='ocrx_word' id='word_1_123' title='bbox 1037 1612 1179 1654; x_wconf 81' lang='lat' dir='ltr'><strong>conver-</strong></span> 
     </span>
     <span class='ocr_line' id='line_1_16' title="bbox 63 1691 1177 1781; baseline 0.001 -27"><span class='ocrx_word' id='word_1_124' title='bbox 63 1691 186 1756; x_wconf 87' lang='lat' dir='ltr'><strong>iionem</strong></span> <span class='ocrx_word' id='word_1_125' title='bbox 206 1691 481 1773; x_wconf 87' lang='lat' dir='ltr'><strong>adagnitionem,</strong></span> <span class='ocrx_word' id='word_1_126' title='bbox 510 1704 576 1755; x_wconf 89' lang='lat' dir='ltr'><strong>tam</strong></span> <span class='ocrx_word' id='word_1_127' title='bbox 592 1695 704 1757; x_wconf 86' lang='lat' dir='ltr'><strong>acriter</strong></span> <span class='ocrx_word' id='word_1_128' title='bbox 717 1698 850 1781; x_wconf 81' lang='lat' dir='ltr'><strong>sequens</strong></span> <span class='ocrx_word' id='word_1_129' title='bbox 873 1714 948 1756; x_wconf 89' lang='lat' dir='ltr'><strong>euru</strong></span> <span class='ocrx_word' id='word_1_130' title='bbox 966 1693 1022 1780; x_wconf 86' lang='lat' dir='ltr'><strong>qui</strong></span> <span class='ocrx_word' id='word_1_131' title='bbox 1033 1702 1128 1755; x_wconf 82' lang='lat' dir='ltr'><strong>vocat</strong></span> <span class='ocrx_word' id='word_1_132' title='bbox 1139 1692 1177 1755; x_wconf 91' lang='lat' dir='ltr'><strong>in</strong></span> 
     </span>
     <span class='ocr_line' id='line_1_17' title="bbox 63 1791 1178 1880; baseline 0 -27"><span class='ocrx_word' id='word_1_133' title='bbox 63 1796 207 1871; x_wconf 84' lang='lat' dir='ltr'><strong>excelsu,</strong></span> <span class='ocrx_word' id='word_1_134' title='bbox 242 1814 338 1877; x_wconf 88' lang='lat' dir='ltr'><strong>quam</strong></span> <span class='ocrx_word' id='word_1_135' title='bbox 356 1793 412 1855; x_wconf 85' lang='lat' dir='ltr'><strong>itte</strong></span> <span class='ocrx_word' id='word_1_136' title='bbox 430 1806 525 1855; x_wconf 74' lang='lat' dir='ltr'><strong>vocat</strong></span> <span class='ocrx_word' id='word_1_137' title='bbox 545 1793 757 1880; x_wconf 87' lang='lat' dir='ltr'><strong>praecedens,</strong></span> <span class='ocrx_word' id='word_1_138' title='bbox 791 1816 849 1880; x_wconf 90' lang='lat' dir='ltr'><strong>per</strong></span> <span class='ocrx_word' id='word_1_139' title='bbox 869 1796 986 1855; x_wconf 88' lang='lat' dir='ltr'><strong>bonam</strong></span> <span class='ocrx_word' id='word_1_140' title='bbox 1008 1791 1178 1854; x_wconf 85' lang='lat' dir='ltr'><strong>conicien-</strong></span> 
     </span>
     <span class='ocr_line' id='line_1_18' title="bbox 60 1891 1176 1976; baseline 0.004 -24"><span class='ocrx_word' id='word_1_141' title='bbox 60 1892 140 1952; x_wconf 85' lang='lat' dir='ltr'><strong>tiam</strong></span> <span class='ocrx_word' id='word_1_142' title='bbox 158 1903 194 1952; x_wconf 90' lang='lat' dir='ltr'><strong>ut</strong></span> <span class='ocrx_word' id='word_1_143' title='bbox 214 1893 257 1952; x_wconf 88' lang='lat' dir='ltr'><strong>ita</strong></span> <span class='ocrx_word' id='word_1_144' title='bbox 272 1891 375 1955; x_wconf 89' lang='lat' dir='ltr'><strong>dicam</strong></span> <span class='ocrx_word' id='word_1_145' title='bbox 392 1893 545 1957; x_wconf 77' lang='lat' dir='ltr'><strong>festinans</strong></span> <span class='ocrx_word' id='word_1_146' title='bbox 562 1893 603 1956; x_wconf 88' lang='lat' dir='ltr'><strong>ad</strong></span> <span class='ocrx_word' id='word_1_147' title='bbox 617 1894 756 1976; x_wconf 85' lang='lat' dir='ltr'><strong>agendas</strong></span> <span class='ocrx_word' id='word_1_148' title='bbox 770 1894 902 1975; x_wconf 87' lang='lat' dir='ltr'><strong>gratias,</strong></span> <span class='ocrx_word' id='word_1_149' title='bbox 929 1904 962 1956; x_wconf 91' lang='lat' dir='ltr'><strong>et</strong></span> <span class='ocrx_word' id='word_1_150' title='bbox 975 1906 1011 1955; x_wconf 90' lang='lat' dir='ltr'><strong>ut</strong></span> <span class='ocrx_word' id='word_1_151' title='bbox 1023 1916 1097 1957; x_wconf 90' lang='lat' dir='ltr'><strong>cum</strong></span> <span class='ocrx_word' id='word_1_152' title='bbox 1108 1894 1176 1956; x_wconf 90' lang='lat' dir='ltr'><strong>illic</strong></span> 
     </span>
     <span class='ocr_line' id='line_1_19' title="bbox 61 1992 1176 2081; baseline 0.001 -26"><span class='ocrx_word' id='word_1_153' title='bbox 61 2014 134 2055; x_wconf 91' lang='lat' dir='ltr'><strong>cum</strong></span> <span class='ocrx_word' id='word_1_154' title='bbox 150 1992 272 2057; x_wconf 80' lang='lat' dir='ltr'><strong>Christo</strong></span> <span class='ocrx_word' id='word_1_155' title='bbox 288 1994 402 2073; x_wconf 88' lang='lat' dir='ltr'><strong>fuerit,</strong></span> <span class='ocrx_word' id='word_1_156' title='bbox 430 1997 535 2081; x_wconf 86' lang='lat' dir='ltr'><strong>utqui</strong></span> <span class='ocrx_word' id='word_1_157' title='bbox 550 1995 685 2080; x_wconf 87' lang='lat' dir='ltr'><strong>ieipltnn</strong></span> <span class='ocrx_word' id='word_1_158' title='bbox 703 1993 834 2074; x_wconf 87' lang='lat' dir='ltr'><strong>dignum</strong></span> <span class='ocrx_word' id='word_1_159' title='bbox 850 1995 1031 2080; x_wconf 85' lang='lat' dir='ltr'><strong>praebuerit</strong></span> <span class='ocrx_word' id='word_1_160' title='bbox 1044 2006 1176 2080; x_wconf 91' lang='lat' dir='ltr'><strong>propter</strong></span> 
     </span>
     <span class='ocr_line' id='line_1_20' title="bbox 59 2093 1173 2184; baseline 0.003 -30"><span class='ocrx_word' id='word_1_161' title='bbox 59 2094 248 2180; x_wconf 85' lang='lat' dir='ltr'><strong>puritatem,</strong></span> <span class='ocrx_word' id='word_1_162' title='bbox 285 2116 344 2182; x_wconf 86' lang='lat' dir='ltr'><strong>per</strong></span> <span class='ocrx_word' id='word_1_163' title='bbox 373 2093 535 2179; x_wconf 87' lang='lat' dir='ltr'><strong>quandam</strong></span> <span class='ocrx_word' id='word_1_164' title='bbox 560 2097 649 2181; x_wconf 84' lang='lat' dir='ltr'><strong>quali</strong></span> <span class='ocrx_word' id='word_1_165' title='bbox 670 2096 937 2184; x_wconf 75' lang='lat' dir='ltr'><strong>temperationem</strong></span> <span class='ocrx_word' id='word_1_166' title='bbox 967 2096 1086 2158; x_wconf 86' lang='lat' dir='ltr'><strong>babeat</strong></span> <span class='ocrx_word' id='word_1_167' title='bbox 1108 2093 1173 2157; x_wconf 90' lang='lat' dir='ltr'><strong>Dei</strong></span> 
     </span>
     <span class='ocr_line' id='line_1_21' title="bbox 59 2194 1173 2282; baseline 0.004 -28"><span class='ocrx_word' id='word_1_168' title='bbox 59 2196 214 2256; x_wconf 76' lang='lat' dir='ltr'><strong>virtutem</strong></span> <span class='ocrx_word' id='word_1_169' title='bbox 235 2216 317 2278; x_wconf 88' lang='lat' dir='ltr'><strong>quae</strong></span> <span class='ocrx_word' id='word_1_170' title='bbox 335 2194 555 2281; x_wconf 82' lang='lat' dir='ltr'><strong>suppeditatur</strong></span> <span class='ocrx_word' id='word_1_171' title='bbox 572 2216 630 2282; x_wconf 90' lang='lat' dir='ltr'><strong>per</strong></span> <span class='ocrx_word' id='word_1_172' title='bbox 643 2194 811 2260; x_wconf 80' lang='lat' dir='ltr'><strong>Christum.</strong></span> <span class='ocrx_word' id='word_1_173' title='bbox 862 2195 935 2260; x_wconf 86' lang='lat' dir='ltr'><strong>Non</strong></span> <span class='ocrx_word' id='word_1_174' title='bbox 955 2195 1043 2257; x_wconf 87' lang='lat' dir='ltr'><strong>anim</strong></span> <span class='ocrx_word' id='word_1_175' title='bbox 1058 2195 1173 2258; x_wconf 86' lang='lat' dir='ltr'><strong>caloris</strong></span> 
     </span>
     <span class='ocr_line' id='line_1_22' title="bbox 58 2294 1173 2383; baseline 0 -27"><span class='ocrx_word' id='word_1_176' title='bbox 58 2295 299 2382; x_wconf 85' lang='lat' dir='ltr'><strong>participatione</strong></span> <span class='ocrx_word' id='word_1_177' title='bbox 316 2295 451 2376; x_wconf 84' lang='lat' dir='ltr'><strong>calidus,</strong></span> <span class='ocrx_word' id='word_1_178' title='bbox 474 2315 579 2383; x_wconf 83' lang='lat' dir='ltr'><strong>neque</strong></span> <span class='ocrx_word' id='word_1_179' title='bbox 597 2296 680 2375; x_wconf 88' lang='lat' dir='ltr'><strong>ignis</strong></span> <span class='ocrx_word' id='word_1_180' title='bbox 693 2295 833 2375; x_wconf 88' lang='lat' dir='ltr'><strong>lucidus,</strong></span> <span class='ocrx_word' id='word_1_181' title='bbox 855 2294 909 2359; x_wconf 89' lang='lat' dir='ltr'><strong>led</strong></span> <span class='ocrx_word' id='word_1_182' title='bbox 923 2297 995 2381; x_wconf 74' lang='lat' dir='ltr'><strong>uult</strong></span> <span class='ocrx_word' id='word_1_183' title='bbox 1007 2307 1094 2358; x_wconf 88' lang='lat' dir='ltr'><strong>totus</strong></span> <span class='ocrx_word' id='word_1_184' title='bbox 1107 2295 1173 2357; x_wconf 82' lang='lat' dir='ltr'><strong>elle</strong></span> 
     </span>
     <span class='ocr_line' id='line_1_23' title="bbox 57 2386 1172 2483; baseline -0.002 -25"><span class='ocrx_word' id='word_1_185' title='bbox 57 2397 127 2458; x_wconf 85' lang='lat' dir='ltr'><strong>lux.</strong></span> <span class='ocrx_word' id='word_1_186' title='bbox 176 2392 282 2458; x_wconf 83' lang='lat' dir='ltr'><strong>Etiam</strong></span> <span class='ocrx_word' id='word_1_187' title='bbox 299 2397 432 2478; x_wconf 79' lang='lat' dir='ltr'><strong>insurgit</strong></span> <span class='ocrx_word' id='word_1_188' title='bbox 451 2395 600 2460; x_wconf 81' lang='lat' dir='ltr'><strong>adversus</strong></span> <span class='ocrx_word' id='word_1_189' title='bbox 614 2398 754 2461; x_wconf 87' lang='lat' dir='ltr'><strong>animam</strong></span> <span class='ocrx_word' id='word_1_190' title='bbox 768 2386 982 2483; x_wconf 75' lang='lat' dir='ltr'><strong>corpoream,</strong></span> <span class='ocrx_word' id='word_1_191' title='bbox 996 2395 1172 2482; x_wconf 89' lang='lat' dir='ltr'><strong>imperium</strong></span> 
     </span>
     <span class='ocr_line' id='line_1_24' title="bbox 57 2494 1173 2583; baseline -0.002 -24"><span class='ocrx_word' id='word_1_192' title='bbox 57 2495 247 2559; x_wconf 87' lang='lat' dir='ltr'><strong>detrectanti</strong></span> <span class='ocrx_word' id='word_1_193' title='bbox 262 2496 400 2582; x_wconf 80' lang='lat' dir='ltr'><strong>spiritui,</strong></span> <span class='ocrx_word' id='word_1_194' title='bbox 429 2498 554 2583; x_wconf 85' lang='lat' dir='ltr'><strong>experti</strong></span> <span class='ocrx_word' id='word_1_195' title='bbox 568 2497 717 2577; x_wconf 87' lang='lat' dir='ltr'><strong>rationis,</strong></span> <span class='ocrx_word' id='word_1_196' title='bbox 737 2500 866 2560; x_wconf 79' lang='lat' dir='ltr'><strong>frenum</strong></span> <span class='ocrx_word' id='word_1_197' title='bbox 880 2496 1035 2576; x_wconf 82' lang='lat' dir='ltr'><strong>injiciens.</strong></span> <span class='ocrx_word' id='word_1_198' title='bbox 1059 2543 1067 2559; x_wconf 98' lang='lat'><strong>.</strong></span> <span class='ocrx_word' id='word_1_199' title='bbox 1109 2494 1173 2557; x_wconf 84' lang='lat' dir='ltr'><strong>llic</strong></span> 
     </span>
     <span class='ocr_line' id='line_1_25' title="bbox 57 2595 1172 2685; baseline -0.004 -23"><span class='ocrx_word' id='word_1_200' title='bbox 57 2620 130 2663; x_wconf 87' lang='lat' dir='ltr'><strong>cum</strong></span> <span class='ocrx_word' id='word_1_201' title='bbox 151 2596 190 2659; x_wconf 87' lang='lat' dir='ltr'><strong>nd</strong></span> <span class='ocrx_word' id='word_1_202' title='bbox 208 2595 431 2661; x_wconf 77' lang='lat' dir='ltr'><strong>benefaciendi</strong></span> <span class='ocrx_word' id='word_1_203' title='bbox 448 2598 594 2659; x_wconf 86' lang='lat' dir='ltr'><strong>habitum</strong></span> <span class='ocrx_word' id='word_1_204' title='bbox 614 2600 815 2685; x_wconf 74' lang='lat' dir='ltr'><strong>pervenerit,</strong></span> <span class='ocrx_word' id='word_1_205' title='bbox 849 2595 932 2660; x_wconf 85' lang='lat' dir='ltr'><strong>dicto</strong></span> <span class='ocrx_word' id='word_1_206' title='bbox 951 2597 1044 2660; x_wconf 87' lang='lat' dir='ltr'><strong>citius</strong></span> <span class='ocrx_word' id='word_1_207' title='bbox 1065 2597 1172 2659; x_wconf 84' lang='lat' dir='ltr'><strong>bane·</strong></span> 
     </span>
     <span class='ocr_line' id='line_1_26' title="bbox 54 2693 1260 2786; baseline -0.004 -23"><span class='ocrx_word' id='word_1_208' title='bbox 54 2701 129 2763; x_wconf 82' lang='lat' dir='ltr'><strong>ficio</strong></span> <span class='ocrx_word' id='word_1_209' title='bbox 155 2696 267 2777; x_wconf 88' lang='lat' dir='ltr'><strong>allicit,</strong></span> <span class='ocrx_word' id='word_1_210' title='bbox 297 2719 392 2761; x_wconf 87' lang='lat' dir='ltr'><strong>orans</strong></span> <span class='ocrx_word' id='word_1_211' title='bbox 414 2710 451 2759; x_wconf 90' lang='lat' dir='ltr'><strong>ut</strong></span> <span class='ocrx_word' id='word_1_212' title='bbox 476 2699 611 2761; x_wconf 80' lang='lat' dir='ltr'><strong>fratrum</strong></span> <span class='ocrx_word' id='word_1_213' title='bbox 643 2711 846 2786; x_wconf 86' lang='lat' dir='ltr'><strong>peccatorum</strong></span> <span class='ocrx_word' id='word_1_214' title='bbox 872 2698 911 2761; x_wconf 87' lang='lat' dir='ltr'><strong>lit</strong></span> <span class='ocrx_word' id='word_1_215' title='bbox 939 2699 1097 2785; x_wconf 86' lang='lat' dir='ltr'><strong>particeps</strong></span> <span class='ocrx_word' id='word_1_216' title='bbox 1126 2693 1169 2759; x_wconf 82' lang='lat' dir='ltr'><strong>ad</strong></span> <span class='ocrx_word' id='word_1_217' title='bbox 1256 2704 1260 2713; x_wconf 94' lang='lat'>&#39;</span> 
     </span>
     <span class='ocr_line' id='line_1_27' title="bbox 55 2796 1168 2883; baseline -0.004 -20"><span class='ocrx_word' id='word_1_218' title='bbox 55 2801 285 2863; x_wconf 78' lang='lat' dir='ltr'><strong>consertionem</strong></span> <span class='ocrx_word' id='word_1_219' title='bbox 316 2810 350 2860; x_wconf 89' lang='lat' dir='ltr'><strong>et</strong></span> <span class='ocrx_word' id='word_1_220' title='bbox 375 2810 581 2878; x_wconf 87' lang='lat' dir='ltr'><strong>cognatorum</strong></span> <span class='ocrx_word' id='word_1_221' title='bbox 609 2800 873 2876; x_wconf 60' lang='lat' dir='ltr'><strong>conrarfionom,</strong></span> <span class='ocrx_word' id='word_1_222' title='bbox 908 2809 943 2859; x_wconf 86' lang='lat' dir='ltr'><strong>ot</strong></span> <span class='ocrx_word' id='word_1_223' title='bbox 969 2796 1011 2863; x_wconf 88' lang='lat' dir='ltr'><strong>ad</strong></span> <span class='ocrx_word' id='word_1_224' title='bbox 1038 2798 1168 2883; x_wconf 26' lang='lat' dir='ltr'><strong>prop-ria</strong></span> 
     </span>
     <span class='ocr_line' id='line_1_28' title="bbox 52 2896 1167 2985; baseline -0.004 -20"><span class='ocrx_word' id='word_1_225' title='bbox 52 2904 138 2965; x_wconf 90' lang='lat' dir='ltr'><strong>bona</strong></span> <span class='ocrx_word' id='word_1_226' title='bbox 150 2921 223 2962; x_wconf 90' lang='lat' dir='ltr'><strong>cum</strong></span> <span class='ocrx_word' id='word_1_227' title='bbox 234 2896 426 2961; x_wconf 81' lang='lat' dir='ltr'><strong>amicillirnis</strong></span> <span class='ocrx_word' id='word_1_228' title='bbox 439 2898 702 2964; x_wconf 89' lang='lat' dir='ltr'><strong>communicanda</strong></span> <span class='ocrx_word' id='word_1_229' title='bbox 715 2900 936 2984; x_wconf 82' lang='lat' dir='ltr'><strong>paratiifimus.</strong></span> <span class='ocrx_word' id='word_1_230' title='bbox 979 2898 1043 2985; x_wconf 84' lang='lat' dir='ltr'><strong>Ipfi</strong></span> <span class='ocrx_word' id='word_1_231' title='bbox 1058 2907 1167 2961; x_wconf 86' lang='lat' dir='ltr'><strong>autem</strong></span> 
     </span>
     <span class='ocr_line' id='line_1_29' title="bbox 52 2996 1212 3088; baseline -0.002 -22"><span class='ocrx_word' id='word_1_232' title='bbox 52 3006 94 3067; x_wconf 86' lang='lat' dir='ltr'><strong>lic</strong></span> <span class='ocrx_word' id='word_1_233' title='bbox 114 3004 144 3064; x_wconf 90' lang='lat' dir='ltr'><strong>ei</strong></span> <span class='ocrx_word' id='word_1_234' title='bbox 163 3004 235 3063; x_wconf 84' lang='lat' dir='ltr'><strong>sunt</strong></span> <span class='ocrx_word' id='word_1_235' title='bbox 254 2999 359 3061; x_wconf 87' lang='lat' dir='ltr'><strong>amici.</strong></span> <span class='ocrx_word' id='word_1_236' title='bbox 407 2996 541 3076; x_wconf 88' lang='lat' dir='ltr'><strong>Augens</strong></span> <span class='ocrx_word' id='word_1_237' title='bbox 563 3021 645 3085; x_wconf 88' lang='lat' dir='ltr'><strong>quae</strong></span> <span class='ocrx_word' id='word_1_238' title='bbox 665 3000 751 3086; x_wconf 86' lang='lat' dir='ltr'><strong>apud</strong></span> <span class='ocrx_word' id='word_1_239' title='bbox 770 3001 872 3086; x_wconf 81' lang='lat' dir='ltr'><strong>ipsum</strong></span> <span class='ocrx_word' id='word_1_240' title='bbox 894 2998 1098 3088; x_wconf 83' lang='lat' dir='ltr'><strong>deponuntur</strong></span> <span class='ocrx_word' id='word_1_241' title='bbox 1112 3001 1167 3064; x_wconf 85' lang='lat' dir='ltr'><strong>ie·</strong></span> <span class='ocrx_word' id='word_1_242' title='bbox 1207 3032 1212 3038; x_wconf 95' lang='lat'><em>·</em></span> 
     </span>
     <span class='ocr_line' id='line_1_30' title="bbox 52 3097 1166 3186; baseline -0.003 -20"><span class='ocrx_word' id='word_1_243' title='bbox 52 3104 159 3182; x_wconf 87' lang='lat' dir='ltr'><strong>mina,</strong></span> <span class='ocrx_word' id='word_1_244' title='bbox 190 3122 228 3163; x_wconf 88' lang='lat' dir='ltr'><strong>ea</strong></span> <span class='ocrx_word' id='word_1_245' title='bbox 249 3120 346 3186; x_wconf 85' lang='lat' dir='ltr'><strong>quam</strong></span> <span class='ocrx_word' id='word_1_246' title='bbox 364 3097 529 3161; x_wconf 88' lang='lat' dir='ltr'><strong>mandavit</strong></span> <span class='ocrx_word' id='word_1_247' title='bbox 548 3097 698 3162; x_wconf 87' lang='lat' dir='ltr'><strong>dominus</strong></span> <span class='ocrx_word' id='word_1_248' title='bbox 720 3102 926 3181; x_wconf 82' lang='lat' dir='ltr'><strong>agricultura,</strong></span> <span class='ocrx_word' id='word_1_249' title='bbox 952 3114 1062 3166; x_wconf 88' lang='lat' dir='ltr'><strong>manet</strong></span> <span class='ocrx_word' id='word_1_250' title='bbox 1084 3100 1166 3181; x_wconf 85' lang='lat' dir='ltr'><strong>nulli</strong></span> 
     </span>
     <span class='ocr_line' id='line_1_31' title="bbox 52 3197 1167 3292; baseline -0.004 -25"><span class='ocrx_word' id='word_1_251' title='bbox 52 3216 183 3292; x_wconf 89' lang='lat' dir='ltr'><strong>peccato</strong></span> <span class='ocrx_word' id='word_1_252' title='bbox 205 3201 325 3278; x_wconf 86' lang='lat' dir='ltr'><strong>affinis,</strong></span> <span class='ocrx_word' id='word_1_253' title='bbox 352 3199 389 3260; x_wconf 86' lang='lat' dir='ltr'><strong>fit</strong></span> <span class='ocrx_word' id='word_1_254' title='bbox 409 3199 591 3277; x_wconf 88' lang='lat' dir='ltr'><strong>continens,</strong></span> <span class='ocrx_word' id='word_1_255' title='bbox 621 3211 654 3262; x_wconf 90' lang='lat' dir='ltr'><strong>ot</strong></span> <span class='ocrx_word' id='word_1_256' title='bbox 671 3201 781 3286; x_wconf 83' lang='lat' dir='ltr'><strong>spiritu</strong></span> <span class='ocrx_word' id='word_1_257' title='bbox 797 3197 883 3280; x_wconf 84' lang='lat' dir='ltr'><strong>degit</strong></span> <span class='ocrx_word' id='word_1_258' title='bbox 901 3223 974 3264; x_wconf 92' lang='lat' dir='ltr'><strong>cum</strong></span> <span class='ocrx_word' id='word_1_259' title='bbox 991 3202 1037 3264; x_wconf 85' lang='lat' dir='ltr'><strong>tui</strong></span> <span class='ocrx_word' id='word_1_260' title='bbox 1049 3201 1167 3265; x_wconf 83' lang='lat' dir='ltr'><strong>[imili-</strong></span> 
     </span>
    </p>
   </div>
   <div class='ocr_carea' id='block_1_4' title="bbox 50 3298 1256 3379">
    <p class='ocr_par' dir='ltr' id='par_1_4' title="bbox 50 3298 1256 3379">
     <span class='ocr_line' id='line_1_32' title="bbox 50 3298 1256 3379; baseline -0.003 -9"><span class='ocrx_word' id='word_1_261' title='bbox 50 3310 114 3371; x_wconf 86' lang='lat' dir='ltr'><strong>bus</strong></span> <span class='ocrx_word' id='word_1_262' title='bbox 133 3306 168 3368; x_wconf 91' lang='lat' dir='ltr'><strong>in</strong></span> <span class='ocrx_word' id='word_1_263' title='bbox 187 3303 292 3365; x_wconf 86' lang='lat' dir='ltr'><strong>eboris</strong></span> <span class='ocrx_word' id='word_1_264' title='bbox 312 3301 507 3379; x_wconf 80' lang='lat' dir='ltr'><strong>sanctorum,</strong></span> <span class='ocrx_word' id='word_1_265' title='bbox 535 3300 658 3363; x_wconf 84' lang='lat' dir='ltr'><strong>etiamfi</strong></span> <span class='ocrx_word' id='word_1_266' title='bbox 682 3298 787 3363; x_wconf 89' lang='lat' dir='ltr'><strong>adhuc</strong></span> <span class='ocrx_word' id='word_1_267' title='bbox 807 3302 841 3361; x_wconf 92' lang='lat' dir='ltr'><strong>in</strong></span> <span class='ocrx_word' id='word_1_268' title='bbox 860 3301 954 3366; x_wconf 88' lang='lat' dir='ltr'><strong>terris</strong></span> <span class='ocrx_word' id='word_1_269' title='bbox 974 3302 1164 3377; x_wconf 79' lang='lat' dir='ltr'><strong>detineatur,</strong></span> <span class='ocrx_word' id='word_1_270' title='bbox 1250 3308 1256 3345; x_wconf 92' lang='lat'><strong>·.</strong></span> 
     </span>
    </p>
   </div>
   <div class='ocr_carea' id='block_1_5' title="bbox 49 3399 1219 4197">
    <p class='ocr_par' dir='ltr' id='par_1_5' title="bbox 49 3399 1219 4197">
     <span class='ocr_line' id='line_1_33' title="bbox 51 3399 1165 3489; baseline -0.004 -18"><span class='ocrx_word' id='word_1_271' title='bbox 51 3408 113 3472; x_wconf 85' lang='lat' dir='ltr'><strong>Hic</strong></span> <span class='ocrx_word' id='word_1_272' title='bbox 138 3415 206 3468; x_wconf 89' lang='lat' dir='ltr'><strong>toto</strong></span> <span class='ocrx_word' id='word_1_273' title='bbox 231 3402 285 3464; x_wconf 86' lang='lat' dir='ltr'><strong>dio</strong></span> <span class='ocrx_word' id='word_1_274' title='bbox 309 3411 343 3463; x_wconf 91' lang='lat' dir='ltr'><strong>et</strong></span> <span class='ocrx_word' id='word_1_275' title='bbox 362 3411 456 3462; x_wconf 85' lang='lat' dir='ltr'><strong>nocte</strong></span> <span class='ocrx_word' id='word_1_276' title='bbox 480 3399 589 3463; x_wconf 86' lang='lat' dir='ltr'><strong>dicens</strong></span> <span class='ocrx_word' id='word_1_277' title='bbox 608 3411 641 3462; x_wconf 89' lang='lat' dir='ltr'><strong>et</strong></span> <span class='ocrx_word' id='word_1_278' title='bbox 659 3401 780 3464; x_wconf 84' lang='lat' dir='ltr'><strong>faciens</strong></span> <span class='ocrx_word' id='word_1_279' title='bbox 800 3403 877 3479; x_wconf 85' lang='lat' dir='ltr'><strong>julia</strong></span> <span class='ocrx_word' id='word_1_280' title='bbox 899 3399 1038 3481; x_wconf 84' lang='lat' dir='ltr'><strong>domini,</strong></span> <span class='ocrx_word' id='word_1_281' title='bbox 1070 3404 1165 3489; x_wconf 77' lang='lat' dir='ltr'><strong>supra</strong></span> 
     </span>
     <span class='ocr_line' id='line_1_34' title="bbox 51 3500 1219 3589; baseline -0.005 -17"><span class='ocrx_word' id='word_1_282' title='bbox 51 3506 187 3572; x_wconf 91' lang='lat' dir='ltr'><strong>modum</strong></span> <span class='ocrx_word' id='word_1_283' title='bbox 201 3506 353 3580; x_wconf 85' lang='lat' dir='ltr'><strong>laetatur,</strong></span> <span class='ocrx_word' id='word_1_284' title='bbox 382 3522 448 3563; x_wconf 91' lang='lat' dir='ltr'><strong>non</strong></span> <span class='ocrx_word' id='word_1_285' title='bbox 462 3503 567 3589; x_wconf 77' lang='lat' dir='ltr'><strong>iulum</strong></span> <span class='ocrx_word' id='word_1_286' title='bbox 583 3523 655 3565; x_wconf 91' lang='lat' dir='ltr'><strong>cum</strong></span> <span class='ocrx_word' id='word_1_287' title='bbox 667 3522 763 3564; x_wconf 87' lang='lat' dir='ltr'><strong>mane</strong></span> <span class='ocrx_word' id='word_1_288' title='bbox 777 3503 873 3584; x_wconf 83' lang='lat' dir='ltr'><strong>surgit</strong></span> <span class='ocrx_word' id='word_1_289' title='bbox 886 3517 919 3566; x_wconf 91' lang='lat' dir='ltr'><strong>et</strong></span> <span class='ocrx_word' id='word_1_290' title='bbox 933 3500 1084 3582; x_wconf 85' lang='lat' dir='ltr'><strong>meridie,</strong></span> <span class='ocrx_word' id='word_1_291' title='bbox 1108 3501 1165 3568; x_wconf 85' lang='lat' dir='ltr'><strong>led</strong></span> <span class='ocrx_word' id='word_1_292' title='bbox 1218 3579 1219 3582; x_wconf 8' lang='grc' dir='ltr'><strong>Ἴ</strong></span> 
     </span>
     <span class='ocr_line' id='line_1_35' title="bbox 52 3601 1163 3680; baseline -0.007 -7"><span class='ocrx_word' id='word_1_293' title='bbox 52 3612 151 3674; x_wconf 85' lang='lat' dir='ltr'><strong>etiam</strong></span> <span class='ocrx_word' id='word_1_294' title='bbox 172 3627 245 3669; x_wconf 90' lang='lat' dir='ltr'><strong>cum</strong></span> <span class='ocrx_word' id='word_1_295' title='bbox 266 3602 449 3665; x_wconf 87' lang='lat' dir='ltr'><strong>deambulat</strong></span> <span class='ocrx_word' id='word_1_296' title='bbox 467 3615 499 3665; x_wconf 89' lang='lat' dir='ltr'><strong>et</strong></span> <span class='ocrx_word' id='word_1_297' title='bbox 517 3601 636 3665; x_wconf 88' lang='lat' dir='ltr'><strong>dormit</strong></span> <span class='ocrx_word' id='word_1_298' title='bbox 655 3615 688 3666; x_wconf 89' lang='lat' dir='ltr'><strong>et</strong></span> <span class='ocrx_word' id='word_1_299' title='bbox 707 3606 810 3667; x_wconf 84' lang='lat' dir='ltr'><strong>vestes</strong></span> <span class='ocrx_word' id='word_1_300' title='bbox 829 3602 933 3666; x_wconf 88' lang='lat' dir='ltr'><strong>induit</strong></span> <span class='ocrx_word' id='word_1_301' title='bbox 947 3614 980 3665; x_wconf 91' lang='lat' dir='ltr'><strong>et</strong></span> <span class='ocrx_word' id='word_1_302' title='bbox 996 3602 1102 3680; x_wconf 85' lang='lat' dir='ltr'><strong>exuit,</strong></span> <span class='ocrx_word' id='word_1_303' title='bbox 1130 3616 1163 3665; x_wconf 88' lang='lat' dir='ltr'><strong>et</strong></span> 
     </span>
     <span class='ocr_line' id='line_1_36' title="bbox 52 3700 1162 3793; baseline -0.007 -18"><span class='ocrx_word' id='word_1_304' title='bbox 52 3708 145 3774; x_wconf 88' lang='lat' dir='ltr'><strong>docet</strong></span> <span class='ocrx_word' id='word_1_305' title='bbox 157 3708 278 3782; x_wconf 84' lang='lat' dir='ltr'><strong>filium,</strong></span> <span class='ocrx_word' id='word_1_306' title='bbox 298 3705 429 3766; x_wconf 79' lang='lat' dir='ltr'><strong>[inatus</strong></span> <span class='ocrx_word' id='word_1_307' title='bbox 441 3702 501 3788; x_wconf 89' lang='lat' dir='ltr'><strong>ipii</strong></span> <span class='ocrx_word' id='word_1_308' title='bbox 514 3702 612 3766; x_wconf 84' lang='lat' dir='ltr'><strong>fuerit</strong></span> <span class='ocrx_word' id='word_1_309' title='bbox 625 3705 729 3782; x_wconf 83' lang='lat' dir='ltr'><strong>iilius,</strong></span> <span class='ocrx_word' id='word_1_310' title='bbox 750 3704 965 3793; x_wconf 79' lang='lat' dir='ltr'><strong>inseparabilis</strong></span> <span class='ocrx_word' id='word_1_311' title='bbox 978 3726 996 3765; x_wconf 89' lang='lat' dir='ltr'><strong>a</strong></span> <span class='ocrx_word' id='word_1_312' title='bbox 1010 3700 1162 3767; x_wconf 76' lang='lat' dir='ltr'><strong>inundato</strong></span> 
     </span>
     <span class='ocr_line' id='line_1_37' title="bbox 51 3804 1161 3894; baseline -0.004 -20"><span class='ocrx_word' id='word_1_313' title='bbox 51 3822 87 3875; x_wconf 80' lang='lat' dir='ltr'><strong>at</strong></span> <span class='ocrx_word' id='word_1_314' title='bbox 111 3832 129 3872; x_wconf 95' lang='lat' dir='ltr'><strong>a</strong></span> <span class='ocrx_word' id='word_1_315' title='bbox 151 3811 224 3894; x_wconf 68' lang='grc' dir='ltr'><strong>[ρος</strong></span> <span class='ocrx_word' id='word_1_316' title='bbox 258 3805 331 3869; x_wconf 91' lang='lat' dir='ltr'><strong>Deo</strong></span> <span class='ocrx_word' id='word_1_317' title='bbox 354 3807 480 3891; x_wconf 78' lang='lat' dir='ltr'><strong>semper</strong></span> <span class='ocrx_word' id='word_1_318' title='bbox 502 3825 600 3886; x_wconf 86' lang='lat' dir='ltr'><strong>agens</strong></span> <span class='ocrx_word' id='word_1_319' title='bbox 624 3804 781 3888; x_wconf 87' lang='lat' dir='ltr'><strong>gratias..</strong></span> <span class='ocrx_word' id='word_1_320' title='bbox 835 3806 1008 3893; x_wconf 84' lang='lat' dir='ltr'><strong>Nunquam</strong></span> <span class='ocrx_word' id='word_1_321' title='bbox 1036 3806 1084 3883; x_wconf 87' lang='lat' dir='ltr'><strong>(c.</strong></span> <span class='ocrx_word' id='word_1_322' title='bbox 1099 3814 1161 3872; x_wconf 70' lang='lat' dir='ltr'><strong>lt.</strong></span> 
     </span>
     <span class='ocr_line' id='line_1_38' title="bbox 52 3903 1163 4001; baseline -0.005 -29"><span class='ocrx_word' id='word_1_323' title='bbox 52 3936 90 4001; x_wconf 84' lang='lat' dir='ltr'><strong>p.</strong></span> <span class='ocrx_word' id='word_1_324' title='bbox 101 3915 176 3992; x_wconf 77' lang='lat'>881)</span> <span class='ocrx_word' id='word_1_325' title='bbox 195 3908 345 3971; x_wconf 84' lang='lat' dir='ltr'><strong>meminit</strong></span> <span class='ocrx_word' id='word_1_326' title='bbox 365 3926 496 3984; x_wconf 83' lang='lat' dir='ltr'><strong>eorum,</strong></span> <span class='ocrx_word' id='word_1_327' title='bbox 527 3905 635 3993; x_wconf 91' lang='lat' dir='ltr'><strong>quiin</strong></span> <span class='ocrx_word' id='word_1_328' title='bbox 654 3908 686 3967; x_wconf 84' lang='lat' dir='ltr'><strong>la</strong></span> <span class='ocrx_word' id='word_1_329' title='bbox 706 3919 892 3991; x_wconf 85' lang='lat' dir='ltr'><strong>peccarunt,</strong></span> <span class='ocrx_word' id='word_1_330' title='bbox 924 3903 978 3968; x_wconf 82' lang='lat' dir='ltr'><strong>sed</strong></span> <span class='ocrx_word' id='word_1_331' title='bbox 998 3905 1044 3967; x_wconf 84' lang='lat' dir='ltr'><strong>eis</strong></span> <span class='ocrx_word' id='word_1_332' title='bbox 1063 3908 1163 3987; x_wconf 79' lang='lat' dir='ltr'><strong>igpo-</strong></span> 
     </span>
     <span class='ocr_line' id='line_1_39' title="bbox 50 4005 1161 4095; baseline -0.006 -21"><span class='ocrx_word' id='word_1_333' title='bbox 50 4013 116 4079; x_wconf 73' lang='lat' dir='ltr'><strong>icit.</strong></span> <span class='ocrx_word' id='word_1_334' title='bbox 139 4059 146 4074; x_wconf 93' lang='lat'><strong>.</strong></span> <span class='ocrx_word' id='word_1_335' title='bbox 188 4010 272 4077; x_wconf 89' lang='lat' dir='ltr'><strong>Nam</strong></span> <span class='ocrx_word' id='word_1_336' title='bbox 288 4009 606 4094; x_wconf 85' lang='lat' dir='ltr'><strong>hocquoquenuum</strong></span> <span class='ocrx_word' id='word_1_337' title='bbox 621 4006 722 4070; x_wconf 81' lang='lat' dir='ltr'><strong>estex</strong></span> <span class='ocrx_word' id='word_1_338' title='bbox 738 4007 778 4071; x_wconf 88' lang='lat' dir='ltr'><strong>iis</strong></span> <span class='ocrx_word' id='word_1_339' title='bbox 794 4028 874 4095; x_wconf 87' lang='lat' dir='ltr'><strong>quae</strong></span> <span class='ocrx_word' id='word_1_340' title='bbox 891 4007 962 4068; x_wconf 84' lang='lat' dir='ltr'><strong>vult</strong></span> <span class='ocrx_word' id='word_1_341' title='bbox 976 4005 1083 4082; x_wconf 83' lang='lat' dir='ltr'><strong>Deus,</strong></span> <span class='ocrx_word' id='word_1_342' title='bbox 1104 4007 1161 4068; x_wconf 85' lang='lat' dir='ltr'><strong>ni-</strong></span> 
     </span>
     <span class='ocr_line' id='line_1_40' title="bbox 49 4105 1162 4197; baseline -0.003 -21"><span class='ocrx_word' id='word_1_343' title='bbox 49 4112 100 4177; x_wconf 86' lang='lat' dir='ltr'><strong>bil</strong></span> <span class='ocrx_word' id='word_1_344' title='bbox 114 4110 351 4197; x_wconf 72' lang='lat' dir='ltr'><strong>concupiicara,</strong></span> <span class='ocrx_word' id='word_1_345' title='bbox 371 4108 500 4173; x_wconf 84' lang='lat' dir='ltr'><strong>nullum</strong></span> <span class='ocrx_word' id='word_1_346' title='bbox 515 4105 742 4194; x_wconf 59' lang='lat' dir='ltr'><strong>habere-edim</strong></span> <span class='ocrx_word' id='word_1_347' title='bbox 770 4110 867 4173; x_wconf 82' lang='lat' dir='ltr'><strong>unius</strong></span> <span class='ocrx_word' id='word_1_348' title='bbox 885 4110 973 4172; x_wconf 88' lang='lat' dir='ltr'><strong>enim</strong></span> <span class='ocrx_word' id='word_1_349' title='bbox 987 4107 1162 4173; x_wconf 78' lang='lat' dir='ltr'><strong>voluntatis</strong></span> 
     </span>
    </p>
   </div>
   <div class='ocr_carea' id='block_1_6' title="bbox 0 0 1290 4770">
    <p class='ocr_par' dir='ltr' id='par_1_6' title="bbox 0 0 1290 4770">
     <span class='ocr_line' id='line_1_41' title="bbox 0 0 1290 4770; baseline 0 6"><span class='ocrx_word' id='word_1_350' title='bbox 0 0 1290 4770; x_wconf 95' lang='lat' dir='ltr'><strong> </strong></span> 
     </span>
    </p>
   </div>
  </div>
 </body>
</html>
