2572 4770
120 276 192 345 ³24
418 252 506 355 cap.
532 256 605 329 ΙΙΙ.
654 256 886 352 Dogmntt'cu.
912 316 918 326 .

119 428 211 516 sensu
226 442 425 510 exhibendus
441 439 589 520 docebat,
618 450 652 504 et
672 439 776 504 nescio
790 438 878 527 quod
890 438 981 503 mille
995 462 1157 507 annorum
1170 446 1244 533 spa-

121 552 206 615 tium
226 546 445 632 corporalibus
464 544 616 606 refertum
635 539 757 605 deliciis
778 541 814 602 in
833 542 894 604 bac
914 546 1081 607 terrasore
1100 547 1244 610 allirma-

122 654 189 715 bat.
197 649 217 683 ''
259 646 297 711 Id
313 642 400 732 quod
412 663 452 706 eo
465 612 701 706 rueliusdroster
714 651 854 727 poterat,
873 640 960 727 quod
973 646 1244 730 apocalyplinJo-

123 741 586 834 banniapostoloabjudicabat.
610 740 831 806 chiliastarum
843 743 931 805 illam
945 746 1133 809 sententiam
1147 750 1243 813 etiarn

124 851 161 915 in
181 848 396 934 disputatione
416 842 554 930 quadam
565 843 781 929 impugnavit,
814 846 904 923 cujus
921 846 1085 908 historiam
1098 866 1242 914 enarrare

126 942 614 1031 (verbisDiooysiiupudEuseb.
628 944 661 1006 h.
671 962 699 1004 e.
709 941 785 1021 VII,
799 950 850 1008 24.
871 949 988 1029 p.526)
1003 967 1020 1008 a
1035 948 1169 1010 consilio
1181 970 1241 1012 non

124 1049 270 1113 alienum
299 1044 438 1109 ridetur.
500 1042 611 1123 „Cum
637 1044 779 1123 elsem”,
812 1044 932 1130 inquit,
966 1047 1027 1125 „in
1052 1047 1240 1113 Arsinoitica

124 1150 342 1236 praefectura,
362 1146 396 1207 in
412 1164 474 1231 qua
489 1143 699 1230 jampridem,
720 1155 758 1205 ut
773 1146 874 1223 nolti,
902 1146 1061 1208 increbuit
1075 1148 1157 1212 baec
1169 1151 1238 1237 opi-

125 1250 200 1328 nio,
229 1246 309 1311 adeo
330 1257 367 1308 ut
384 1246 551 1308 schismata
571 1258 604 1307 et
622 1245 818 1326 integrarum
830 1244 1238 1315 ecclesiarumdesectiones

123 1350 258 1427 fierent3
286 1348 466 1410 convocatis
488 1344 682 1432 presbyteris
705 1366 740 1409 ac
760 1342 959 1425 doctoribus,
987 1347 1043 1433 qui
1058 1368 1118 1434 per
1134 1352 1238 1432 lingu-

124 1449 272 1513 losricoa
284 1447 436 1509 fratribus
446 1445 680 1531 praedicabant,
694 1446 909 1533 praesentibus
921 1448 999 1510 item
1012 1450 1175 1531 sratrilrus,
1188 1464 1237 1539 qui

124 1547 234 1612 adesse
252 1548 439 1625 voluerant,
460 1548 606 1612 hortatus
626 1550 694 1609 sum
712 1548 803 1626 illos,
825 1558 863 1609 ut
874 1565 913 1609 ea
932 1546 1075 1613 doctrina
1088 1554 1194 1639 pelam
1206 1556 1237 1617 iu

87 1698 91 1709 .
125 1648 278 1713 concione
291 1647 537 1709 examinaretur.
561 1648 800 1734 Cumquebunc
812 1648 929 1717 librum
942 1649 1077 1735 (Apoc.)
1089 1666 1236 1742 tauquam

123 1749 248 1811 scutum
273 1745 437 1833 quoddam
455 1770 648 1835 murumque
672 1738 954 1833 inexpugnabilem
973 1753 1055 1814 mihi
1076 1758 1236 1841 opposuis-

125 1849 214 1926 sent,
236 1858 301 1911 tres
318 1848 487 1927 continuos
498 1847 568 1912 dies
581 1870 599 1911 a
613 1850 715 1934 prima
730 1851 801 1912 luce
816 1848 972 1935 usquead
988 1856 1155 1941 vesperam
1169 1878 1234 1921 curn

123 1945 201 2034 ipsis
222 1946 352 2027 sedens,
382 1968 592 2037 quaecunque
604 1949 639 2011 in
655 1971 695 2012 eo
713 1950 794 2011 libro
815 1950 926 2035 scripta
943 1944 1065 2031 erant,¹
1083 1954 1234 2025 discutere

124 2050 286 2131 aggressus
298 2040 487 2113 sumst'l'um
496 2071 573 2113 vero
583 2050 717 2113 fratrum
728 2051 934 2113 constantiam
944 2063 977 2114 et
985 2054 1233 2125 ardentissimum

126 2148 363 2232 cognoscendae
381 2150 525 2214 veritatis
546 2148 703 2230 studium,
732 2163 766 2214 et
788 2148 984 2216 docilitatem
1002 2162 1233 2243 atqueintelli-

124 2252 268 2333 gentiam
294 2268 488 2336 magnopere
509 2252 580 2313 sum
596 2248 781 2317 admiratus.
829 2249 925 2314 Adeo
944 2255 1114 2324 moderate
1134 2276 1167 2326 et
1181 2286 1234 2327 or·

125 2348 204 2413 dine
230 2350 496 2431 interrogationes
521 2350 725 2438 rationesque
751 2348 918 2415 dubitandi
945 2366 978 2417 et
1004 2360 1234 2429 assenfionesa

122 2449 218 2513 nobis
237 2449 368 2513 fiebant.
421 2448 471 2513 Ac
491 2448 626 2513 studiose
641 2449 773 2536 quidem
789 2454 996 2535 carebamus,
1021 2478 1065 2521 ne
1080 2482 1135 2543 ea,
1157 2486 1234 2552 quas

121 2548 224 2613 semel
241 2547 334 2613 uobis
348 2548 552 2634 placuissent,
582 2551 708 2614 tametsi
726 2572 804 2614 vera
820 2555 884 2618 esse
910 2553 1233 2650 deprehenderentur,

121 2647 328 2737 pertinaciter
346 2645 611 2730 desende'remus3
639 2671 698 2714 nec
719 2652 856 2715 aliorum
869 2656 1064 2735 objectiones
1076 2658 1235 2731 subtersu-

45 2784 51 2795 ·
122 2751 300 2833 glebaruus.
349 2746 414 2813 Sed
437 2746 544 2835 quoad
556 2750 627 2813 lieri
641 2762 784 2837 poterat,
814 2751 927 2835 adea,
955 2756 995 2821 de
1011 2765 1128 2848 quibua
1142 2770 1234 2835 insli-

121 2864 192 2916 tuta
208 2864 276 2918 erat
290 2847 483 2938 disputatio,
512 2850 592 2913 eniti
604 2870 706 2938 eaque
723 2854 863 2917 stabilire
874 2860 1086 2946 conabamur3
1113 2870 1161 2931 sin
1175 2892 1237 2935 au..

120 2965 190 3017 tem
220 2951 396 3016 rationibus
422 2949 559 3013 convicti
580 2953 731 3031 essemus,
764 2975 831 3017 nou
856 2953 998 3041 pudebat
1024 2985 1085 3029 nos
1110 2984 1235 3037 mutare

119 3052 329 3132 sententiam,
359 3061 393 3115 et
408 3050 479 3113 aliis
502 3051 649 3116 assentiri.
697 3052 786 3134 Quin
810 3060 916 3143 potius
936 3084 1010 3129 cum
1031 3067 1117 3131 bou'a
1137 3076 1236 3138 anirns

121 3152 329 3232 conscientia,
358 3152 478 3240 absque
499 3153 565 3214 ulla
577 3154 794 3235 simulatione,
820 3162 965 3245 expansis
982 3162 1024 3226 ad
1037 3166 1147 3234 Deum
1161 3196 1234 3237 coa-

121 3250 235 3333 dibus,
262 3272 469 3341 quaecunque
482 3254 657 3317 certissimis
671 3260 867 3336 argumentis
879 3272 914 3323 ot
931 3267 1121 3333 auctoritate
1132 3276 1234 3340 sacred

119 3353 291 3440 scripturae
303 3354 488 3417 confirmata
500 3354 617 3432 essent,
636 3356 890 3443 suscipiebamus.
930 3361 1080 3433 Tandem
1094 3370 1233 3463 denique·

120 3452 272 3532 Goracio,
292 3452 348 3538 qui
359 3453 455 3532 hujus
468 3451 631 3519 conanae
644 3469 752 3520 auctor
763 3460 939 3540 at-ttgnifer
950 3464 1075 3549 suerat,
1094 3474 1233 3541 audian-¹

118 3553 206 3618 tibus
224 3553 362 3630 cunctis,
391 3554 448 3638 qui
467 3552 615 3634 aderant,
635 3558 803 3639 fratribus,
823 3562 985 3645 pollicitus
997 3571 1092 3635 nobl's
1107 3556 1229 3641 etctln-

116 3655 248 3719 tastatus
261 3654 324 3730 est,
346 3654 379 3715 se
401 3654 610 3740 inposterum
629 3658 711 3723 banc
724 3661 1152 3754 opinionemamplexurum
1169 3700 1226 3742 noa

116 3755 200 3837 esse,
223 3773 281 3816 uec
300 3750 342 3816 de
362 3772 400 3818 ea
416 3751 671 3841 disputaturum,
698 3782 758 3823 nec
775 3756 1001 3848 loquuturum,
1030 3794 1091 3838 nec
1112 3782 1225 3865 popula

115 3848 389 3939 praedicaturum,
410 3854 529 3941 quippe
544 3860 599 3945 qui
611 3863 806 3943 argumentis
817 3866 969 3949 oppositis
987 3869 1063 3938 satis
1075 3870 1224 3968 superque

116 3954 280 4017 conuictus
292 3952 409 4017 suill'et.
450 3953 613 4025 Fratribus
626 3974 752 4044 autem,
777 3964 832 4051 qui
847 3962 997 4047 aderant,
1019 3972 1102 4039 baec
1115 3978 1223 4067 dispu-

112 4053 190 4115 tatio
204 4062 237 4115 et
250 4052 396 4116 omnium
408 4052 491 4118 inter
506 4059 538 4121 se
552 4063 766 4128 reconciliatio
782 4075 877 4153 atque
892 4072 1055 4141 consensio
1073 4100 1141 4147 non
1152 4102 1222 4147 nte-

112 4146 254 4215 diocrem
271 4152 377 4217 attulit
391 4156 599 4243 voluptatem.
609 4160 629 4237 ’ἵ
