<?xml version="1.0" encoding="UTF-8"?>
<!DOCTYPE html PUBLIC "-//W3C//DTD XHTML 1.0 Transitional//EN"
    "http://www.w3.org/TR/xhtml1/DTD/xhtml1-transitional.dtd">
<html xmlns="http://www.w3.org/1999/xhtml" xml:lang="en" lang="en">
 <head>
  <title>
</title>
<meta http-equiv="Content-Type" content="text/html;charset=utf-8" />
  <meta name='ocr-system' content='tesseract 3.04.00' />
  <meta name='ocr-capabilities' content='ocr_page ocr_carea ocr_par ocr_line ocrx_word'/>
</head>
<body>
  <div class='ocr_page' id='page_1' title='image "./descholaquaeale00guergoog/descholaquaeale00guergoog_0578.png"; bbox 0 0 2572 4770; ppageno 0'>
   <div class='ocr_carea' id='block_1_1' title="bbox 136 176 880 335">
    <p class='ocr_par' dir='ltr' id='par_1_1' title="bbox 136 176 880 335">
     <span class='ocr_line' id='line_1_1' title="bbox 136 176 880 335; baseline -0.008 -41"><span class='ocrx_word' id='word_1_1' title='bbox 136 176 253 296; x_wconf 79' lang='grc' dir='ltr'><strong>ιιι</strong></span> <span class='ocrx_word' id='word_1_2' title='bbox 414 210 417 217; x_wconf 89' lang='grc'>’</span> <span class='ocrx_word' id='word_1_3' title='bbox 504 218 592 311; x_wconf 70' lang='lat' dir='ltr'><strong>cap.</strong></span> <span class='ocrx_word' id='word_1_4' title='bbox 615 218 686 335; x_wconf 71' lang='grc' dir='ltr'><strong>ιιζ.</strong></span> <span class='ocrx_word' id='word_1_5' title='bbox 735 220 880 289; x_wconf 67' lang='lat' dir='ltr'><strong>marica.</strong></span> 
     </span>
    </p>
   </div>
   <div class='ocr_carea' id='block_1_2' title="bbox 64 397 1257 2501">
    <p class='ocr_par' dir='ltr' id='par_1_2' title="bbox 64 397 1257 2501">
     <span class='ocr_line' id='line_1_2' title="bbox 133 397 1255 487; baseline 0.01 -22"><span class='ocrx_word' id='word_1_6' title='bbox 133 404 245 472; x_wconf 77' lang='lat' dir='ltr'><strong>suanis</strong></span> <span class='ocrx_word' id='word_1_7' title='bbox 264 398 374 463; x_wconf 87' lang='lat' dir='ltr'><strong>minus</strong></span> <span class='ocrx_word' id='word_1_8' title='bbox 392 397 543 486; x_wconf 79' lang='lat' dir='ltr'><strong>persentis</strong></span> <span class='ocrx_word' id='word_1_9' title='bbox 564 397 737 487; x_wconf 82' lang='lat' dir='ltr'><strong>quemdam</strong></span> <span class='ocrx_word' id='word_1_10' title='bbox 751 398 924 479; x_wconf 85' lang='lat' dir='ltr'><strong>juramenti</strong></span> <span class='ocrx_word' id='word_1_11' title='bbox 941 402 1036 469; x_wconf 88' lang='lat' dir='ltr'><strong>usum</strong></span> <span class='ocrx_word' id='word_1_12' title='bbox 1047 404 1180 474; x_wconf 80' lang='lat' dir='ltr'><strong>ridetur</strong></span> <span class='ocrx_word' id='word_1_13' title='bbox 1191 412 1255 475; x_wconf 75' lang='lat' dir='ltr'><strong>sta-</strong></span> 
     </span>
     <span class='ocr_line' id='line_1_3' title="bbox 135 494 1257 599; baseline 0.008 -32"><span class='ocrx_word' id='word_1_14' title='bbox 135 517 245 578; x_wconf 90' lang='lat' dir='ltr'><strong>tuera‚</strong></span> <span class='ocrx_word' id='word_1_15' title='bbox 273 517 374 585; x_wconf 85' lang='lat' dir='ltr'><strong>usque</strong></span> <span class='ocrx_word' id='word_1_16' title='bbox 394 498 472 561; x_wconf 90' lang='lat' dir='ltr'><strong>dum</strong></span> <span class='ocrx_word' id='word_1_17' title='bbox 494 502 700 586; x_wconf 78' lang='lat' dir='ltr'><strong>perfectiores</strong></span> <span class='ocrx_word' id='word_1_18' title='bbox 716 500 882 564; x_wconf 79' lang='lat' dir='ltr'><strong>evaserint.</strong></span> <span class='ocrx_word' id='word_1_19' title='bbox 929 494 1044 586; x_wconf 77' lang='grc' dir='ltr'><strong><em>Τάχα,</em></strong></span> <span class='ocrx_word' id='word_1_20' title='bbox 1070 510 1135 591; x_wconf 90' lang='lat' dir='ltr'><strong>ait,</strong></span> <span class='ocrx_word' id='word_1_21' title='bbox 1162 514 1257 599; x_wconf 75' lang='lat' dir='ltr'><strong>rapui-</strong></span> 
     </span>
     <span class='ocr_line' id='line_1_4' title="bbox 135 592 1255 701; baseline 0.01 -34"><span class='ocrx_word' id='word_1_22' title='bbox 135 626 196 668; x_wconf 81' lang='grc' dir='ltr'><strong>τον</strong></span> <span class='ocrx_word' id='word_1_23' title='bbox 219 592 310 664; x_wconf 77' lang='grc' dir='ltr'><strong>ὀεῖ’</strong></span> <span class='ocrx_word' id='word_1_24' title='bbox 293 592 420 679; x_wconf 85' lang='grc' dir='ltr'><strong>ομόσαι</strong></span> <span class='ocrx_word' id='word_1_25' title='bbox 441 593 476 667; x_wconf 78' lang='grc' dir='ltr'><strong>ἐν</strong></span> <span class='ocrx_word' id='word_1_26' title='bbox 496 592 644 687; x_wconf 74' lang='grc' dir='ltr'><strong><em>ἀληθείᾳ</em></strong></span> <span class='ocrx_word' id='word_1_27' title='bbox 667 600 722 663; x_wconf 73' lang='grc' dir='ltr'><strong>καὶ</strong></span> <span class='ocrx_word' id='word_1_28' title='bbox 743 595 777 663; x_wconf 79' lang='grc' dir='ltr'><strong>ἐν</strong></span> <span class='ocrx_word' id='word_1_29' title='bbox 796 593 907 687; x_wconf 77' lang='grc' dir='ltr'><strong>κρίσει</strong></span> <span class='ocrx_word' id='word_1_30' title='bbox 925 623 983 667; x_wconf 85' lang='grc' dir='ltr'><strong>και</strong></span> <span class='ocrx_word' id='word_1_31' title='bbox 975 600 1033 668; x_wconf 78' lang='grc' dir='ltr'><strong>ἐν</strong></span> <span class='ocrx_word' id='word_1_32' title='bbox 1047 606 1255 701; x_wconf 66' lang='grc' dir='ltr'><strong>δικαιοσύνῃ,</strong></span> 
     </span>
     <span class='ocr_line' id='line_1_5' title="bbox 133 686 1257 792; baseline 0.006 -24.012"><span class='ocrx_word' id='word_1_33' title='bbox 133 700 192 769; x_wconf 71' lang='lat' dir='ltr'><strong>svo</strong></span> <span class='ocrx_word' id='word_1_34' title='bbox 210 694 295 783; x_wconf 80' lang='grc' dir='ltr'><em>μετὰ</em></span> <span class='ocrx_word' id='word_1_35' title='bbox 315 698 416 762; x_wconf 79' lang='grc' dir='ltr'><strong><em>τοῦτο</em></strong></span> <span class='ocrx_word' id='word_1_36' title='bbox 434 691 619 784; x_wconf 80' lang='grc' dir='ltr'><strong><em>προκόψας</em></strong></span> <span class='ocrx_word' id='word_1_37' title='bbox 637 721 688 779; x_wconf 85' lang='grc' dir='ltr'><strong>τις</strong></span> <span class='ocrx_word' id='word_1_38' title='bbox 707 686 802 776; x_wconf 64' lang='grc' dir='ltr'><strong>ἔξιος</strong></span> <span class='ocrx_word' id='word_1_39' title='bbox 820 698 956 786; x_wconf 71' lang='grc' dir='ltr'><strong>γένηται</strong></span> <span class='ocrx_word' id='word_1_40' title='bbox 975 704 1037 768; x_wconf 81' lang='grc' dir='ltr'><strong>τοῦ</strong></span> <span class='ocrx_word' id='word_1_41' title='bbox 1052 702 1103 792; x_wconf 74' lang='grc' dir='ltr'><strong>μὴ</strong></span> <span class='ocrx_word' id='word_1_42' title='bbox 1125 702 1257 790; x_wconf 69' lang='grc' dir='ltr'><strong>ὀμνύειν</strong></span> 
     </span>
     <span class='ocr_line' id='line_1_6' title="bbox 136 797 1255 893; baseline 0.009 -25"><span class='ocrx_word' id='word_1_43' title='bbox 136 798 235 878; x_wconf 72' lang='lat' dir='ltr'><strong>stoc.</strong></span> <span class='ocrx_word' id='word_1_44' title='bbox 258 836 301 847; x_wconf 94' lang='lat'>—</span> <span class='ocrx_word' id='word_1_45' title='bbox 339 797 569 877; x_wconf 70' lang='lat' dir='ltr'><strong>Juspurmdum</strong></span> <span class='ocrx_word' id='word_1_46' title='bbox 583 802 645 861; x_wconf 89' lang='lat' dir='ltr'><strong>esse</strong></span> <span class='ocrx_word' id='word_1_47' title='bbox 661 799 870 881; x_wconf 81' lang='lat' dir='ltr'><strong>servandum</strong></span> <span class='ocrx_word' id='word_1_48' title='bbox 892 804 953 865; x_wconf 89' lang='lat' dir='ltr'><strong>hoc</strong></span> <span class='ocrx_word' id='word_1_49' title='bbox 967 806 1255 893; x_wconf 58' lang='lat' dir='ltr'><strong>scrlrcetOr10euet</strong></span> 
     </span>
     <span class='ocr_line' id='line_1_7' title="bbox 134 897 1253 991; baseline 0.008 -24"><span class='ocrx_word' id='word_1_50' title='bbox 134 902 386 986; x_wconf 77' lang='lat' dir='ltr'>haudquaquam</span> <span class='ocrx_word' id='word_1_51' title='bbox 404 899 551 978; x_wconf 72' lang='lat' dir='ltr'><strong>negavit,</strong></span> <span class='ocrx_word' id='word_1_52' title='bbox 578 920 692 967; x_wconf 80' lang='lat' dir='ltr'><strong>verum</strong></span> <span class='ocrx_word' id='word_1_53' title='bbox 713 897 753 962; x_wconf 90' lang='lat' dir='ltr'><strong>de</strong></span> <span class='ocrx_word' id='word_1_54' title='bbox 770 900 929 965; x_wconf 75' lang='lat' dir='ltr'><strong>iohanne</strong></span> <span class='ocrx_word' id='word_1_55' title='bbox 938 901 1081 990; x_wconf 74' lang='lat' dir='ltr'>Baptista</span> <span class='ocrx_word' id='word_1_56' title='bbox 1104 909 1143 975; x_wconf 87' lang='lat' dir='ltr'><strong>T.</strong></span> <span class='ocrx_word' id='word_1_57' title='bbox 1157 910 1202 991; x_wconf 88' lang='grc' dir='ltr'><strong>Χ,</strong></span> <span class='ocrx_word' id='word_1_58' title='bbox 1218 928 1253 981; x_wconf 77' lang='lat'><strong>22</strong></span> 
     </span>
     <span class='ocr_line' id='line_1_8' title="bbox 135 997 1253 1098; baseline 0.01 -32"><span class='ocrx_word' id='word_1_59' title='bbox 135 1003 303 1070; x_wconf 85' lang='lat' dir='ltr'><strong>inlllatth.</strong></span> <span class='ocrx_word' id='word_1_60' title='bbox 327 1000 392 1061; x_wconf 80' lang='lat' dir='ltr'><strong>vol.</strong></span> <span class='ocrx_word' id='word_1_61' title='bbox 407 997 467 1077; x_wconf 83' lang='lat'><strong>111,</strong></span> <span class='ocrx_word' id='word_1_62' title='bbox 481 1007 561 1065; x_wconf 79' lang='lat'><strong>472:</strong></span> <span class='ocrx_word' id='word_1_63' title='bbox 598 999 782 1086; x_wconf 78' lang='lat' dir='ltr'><strong>„sapite”,</strong></span> <span class='ocrx_word' id='word_1_64' title='bbox 805 1003 878 1083; x_wconf 87' lang='lat' dir='ltr'><strong>ait,</strong></span> <span class='ocrx_word' id='word_1_65' title='bbox 895 1013 1253 1098; x_wconf 86' lang='lat' dir='ltr'><strong>„truncaturpcopheta</strong></span> 
     </span>
     <span class='ocr_line' id='line_1_9' title="bbox 133 1085 1251 1196; baseline 0.013 -33"><span class='ocrx_word' id='word_1_66' title='bbox 133 1115 267 1195; x_wconf 83' lang='lat' dir='ltr'><strong>propter</strong></span> <span class='ocrx_word' id='word_1_67' title='bbox 283 1103 515 1179; x_wconf 88' lang='lat' dir='ltr'><strong>juramentum,</strong></span> <span class='ocrx_word' id='word_1_68' title='bbox 547 1099 580 1161; x_wconf 91' lang='lat' dir='ltr'><strong>in</strong></span> <span class='ocrx_word' id='word_1_69' title='bbox 600 1119 637 1161; x_wconf 89' lang='lat' dir='ltr'><strong>ea</strong></span> <span class='ocrx_word' id='word_1_70' title='bbox 655 1120 690 1162; x_wconf 85' lang='lat' dir='ltr'><strong>re</strong></span> <span class='ocrx_word' id='word_1_71' title='bbox 709 1101 743 1162; x_wconf 91' lang='lat' dir='ltr'><strong>in</strong></span> <span class='ocrx_word' id='word_1_72' title='bbox 756 1122 818 1186; x_wconf 88' lang='lat' dir='ltr'><strong>qua</strong></span> <span class='ocrx_word' id='word_1_73' title='bbox 832 1085 1043 1186; x_wconf 81' lang='lat' dir='ltr'><strong>pejerandum</strong></span> <span class='ocrx_word' id='word_1_74' title='bbox 1055 1112 1168 1194; x_wconf 86' lang='lat' dir='ltr'><strong>potius</strong></span> <span class='ocrx_word' id='word_1_75' title='bbox 1181 1129 1251 1196; x_wconf 90' lang='lat' dir='ltr'><strong>erat,</strong></span> 
     </span>
     <span class='ocr_line' id='line_1_10' title="bbox 134 1199 1251 1290; baseline 0.007 -27"><span class='ocrx_word' id='word_1_76' title='bbox 134 1225 234 1290; x_wconf 83' lang='lat' dir='ltr'><strong>quarn</strong></span> <span class='ocrx_word' id='word_1_77' title='bbox 250 1206 429 1282; x_wconf 87' lang='lat' dir='ltr'><strong>juramento</strong></span> <span class='ocrx_word' id='word_1_78' title='bbox 451 1199 608 1263; x_wconf 87' lang='lat' dir='ltr'><strong>standum.</strong></span> <span class='ocrx_word' id='word_1_79' title='bbox 658 1200 797 1264; x_wconf 82' lang='lat' dir='ltr'><strong>Temere</strong></span> <span class='ocrx_word' id='word_1_80' title='bbox 814 1203 932 1288; x_wconf 85' lang='lat' dir='ltr'>quippe</span> <span class='ocrx_word' id='word_1_81' title='bbox 951 1205 1067 1280; x_wconf 89' lang='lat' dir='ltr'><strong>jurasse</strong></span> <span class='ocrx_word' id='word_1_82' title='bbox 1088 1231 1161 1275; x_wconf 83' lang='lat' dir='ltr'><strong>non</strong></span> <span class='ocrx_word' id='word_1_83' title='bbox 1177 1215 1251 1278; x_wconf 78' lang='lat' dir='ltr'><strong>adeo</strong></span> 
     </span>
     <span class='ocr_line' id='line_1_11' title="bbox 135 1296 1252 1400; baseline 0.01 -33"><span class='ocrx_word' id='word_1_84' title='bbox 135 1296 332 1389; x_wconf 87' lang='lat' dir='ltr'><strong>culpandoiu</strong></span> <span class='ocrx_word' id='word_1_85' title='bbox 354 1312 437 1378; x_wconf 90' lang='lat' dir='ltr'><strong>erat,</strong></span> <span class='ocrx_word' id='word_1_86' title='bbox 474 1322 571 1385; x_wconf 88' lang='lat' dir='ltr'><strong>quarn</strong></span> <span class='ocrx_word' id='word_1_87' title='bbox 594 1313 724 1385; x_wconf 89' lang='lat' dir='ltr'><strong>propter</strong></span> <span class='ocrx_word' id='word_1_88' title='bbox 744 1304 914 1380; x_wconf 87' lang='lat' dir='ltr'><strong>juramenti</strong></span> <span class='ocrx_word' id='word_1_89' title='bbox 934 1308 1155 1376; x_wconf 73' lang='lat' dir='ltr'><strong>temeritatem</strong></span> <span class='ocrx_word' id='word_1_90' title='bbox 1177 1337 1252 1400; x_wconf 88' lang='lat' dir='ltr'><strong>pro-</strong></span> 
     </span>
     <span class='ocr_line' id='line_1_12' title="bbox 134 1398 1251 1491; baseline 0.013 -25"><span class='ocrx_word' id='word_1_91' title='bbox 134 1407 269 1491; x_wconf 88' lang='lat' dir='ltr'><strong>phetam</strong></span> <span class='ocrx_word' id='word_1_92' title='bbox 287 1403 377 1462; x_wconf 89' lang='lat' dir='ltr'><strong>letho</strong></span> <span class='ocrx_word' id='word_1_93' title='bbox 397 1398 515 1461; x_wconf 90' lang='lat' dir='ltr'><strong>dedisse</strong></span> <span class='ocrx_word' id='word_1_94' title='bbox 523 1401 559 1478; x_wconf 87' lang='lat'><strong>‘&#39;,</strong></span> <span class='ocrx_word' id='word_1_95' title='bbox 588 1412 620 1460; x_wconf 91' lang='lat' dir='ltr'><strong>et</strong></span> <span class='ocrx_word' id='word_1_96' title='bbox 634 1401 777 1463; x_wconf 87' lang='lat' dir='ltr'><strong>srmiliter</strong></span> <span class='ocrx_word' id='word_1_97' title='bbox 791 1403 879 1465; x_wconf 84' lang='lat' dir='ltr'><strong>hom.</strong></span> <span class='ocrx_word' id='word_1_98' title='bbox 893 1401 954 1482; x_wconf 87' lang='lat' dir='ltr'><strong>HI,</strong></span> <span class='ocrx_word' id='word_1_99' title='bbox 970 1413 988 1470; x_wconf 81' lang='lat'>4</span> <span class='ocrx_word' id='word_1_100' title='bbox 1008 1407 1045 1470; x_wconf 92' lang='lat' dir='ltr'><strong>in</strong></span> <span class='ocrx_word' id='word_1_101' title='bbox 1058 1407 1172 1476; x_wconf 83' lang='lat' dir='ltr'><strong>Leuit.</strong></span> <span class='ocrx_word' id='word_1_102' title='bbox 1191 1417 1251 1480; x_wconf 77' lang='lat' dir='ltr'><strong>vol.</strong></span> 
     </span>
     <span class='ocr_line' id='line_1_13' title="bbox 135 1499 1251 1594; baseline 0.009 -24"><span class='ocrx_word' id='word_1_103' title='bbox 135 1505 179 1584; x_wconf 89' lang='lat' dir='ltr'><strong>II,</strong></span> <span class='ocrx_word' id='word_1_104' title='bbox 204 1516 281 1570; x_wconf 86' lang='lat'><strong>196:</strong></span> <span class='ocrx_word' id='word_1_105' title='bbox 324 1499 537 1564; x_wconf 88' lang='lat' dir='ltr'><strong>‘’Absurdum</strong></span> <span class='ocrx_word' id='word_1_106' title='bbox 557 1499 734 1582; x_wconf 82' lang='lat' dir='ltr'><strong>videtur„,</strong></span> <span class='ocrx_word' id='word_1_107' title='bbox 763 1503 883 1588; x_wconf 86' lang='lat' dir='ltr'><strong>inquit,</strong></span> <span class='ocrx_word' id='word_1_108' title='bbox 913 1504 975 1567; x_wconf 85' lang='lat' dir='ltr'><strong>”ut</strong></span> <span class='ocrx_word' id='word_1_109' title='bbox 995 1508 1020 1568; x_wconf 85' lang='lat' dir='ltr'><strong>si</strong></span> <span class='ocrx_word' id='word_1_110' title='bbox 1041 1530 1101 1594; x_wconf 88' lang='lat' dir='ltr'><strong>per</strong></span> <span class='ocrx_word' id='word_1_111' title='bbox 1125 1514 1251 1579; x_wconf 86' lang='lat' dir='ltr'><strong>iracun-</strong></span> 
     </span>
     <span class='ocr_line' id='line_1_14' title="bbox 135 1596 1251 1700; baseline 0.012 -37"><span class='ocrx_word' id='word_1_112' title='bbox 135 1596 224 1670; x_wconf 84' lang='lat' dir='ltr'><strong>dia&#39;m</strong></span> <span class='ocrx_word' id='word_1_113' title='bbox 238 1603 349 1664; x_wconf 87' lang='lat' dir='ltr'><strong>dixero</strong></span> <span class='ocrx_word' id='word_1_114' title='bbox 367 1620 419 1662; x_wconf 88' lang='lat' dir='ltr'><strong>me</strong></span> <span class='ocrx_word' id='word_1_115' title='bbox 433 1601 604 1664; x_wconf 90' lang='lat' dir='ltr'><strong>hominem</strong></span> <span class='ocrx_word' id='word_1_116' title='bbox 621 1604 811 1682; x_wconf 92' lang='lat' dir='ltr'><strong>occisurum,</strong></span> <span class='ocrx_word' id='word_1_117' title='bbox 833 1615 865 1664; x_wconf 89' lang='lat' dir='ltr'><strong>et</strong></span> <span class='ocrx_word' id='word_1_118' title='bbox 878 1625 943 1666; x_wconf 89' lang='lat' dir='ltr'><strong>uon</strong></span> <span class='ocrx_word' id='word_1_119' title='bbox 954 1606 1063 1670; x_wconf 87' lang='lat' dir='ltr'><strong>secero</strong></span> <span class='ocrx_word' id='word_1_120' title='bbox 1072 1659 1082 1689; x_wconf 89' lang='lat'><strong>,</strong></span> <span class='ocrx_word' id='word_1_121' title='bbox 1104 1633 1149 1674; x_wconf 88' lang='lat' dir='ltr'><strong>ne</strong></span> <span class='ocrx_word' id='word_1_122' title='bbox 1162 1620 1251 1700; x_wconf 86' lang='lat' dir='ltr'><strong>peje-</strong></span> 
     </span>
     <span class='ocr_line' id='line_1_15' title="bbox 133 1699 1251 1798; baseline 0.002 -26"><span class='ocrx_word' id='word_1_123' title='bbox 133 1724 205 1772; x_wconf 83' lang='lat' dir='ltr'><strong>rare</strong></span> <span class='ocrx_word' id='word_1_124' title='bbox 226 1716 280 1766; x_wconf 90' lang='lat' dir='ltr'><strong>aut</strong></span> <span class='ocrx_word' id='word_1_125' title='bbox 299 1703 412 1764; x_wconf 88' lang='lat' dir='ltr'><strong>fallere</strong></span> <span class='ocrx_word' id='word_1_126' title='bbox 433 1699 563 1779; x_wconf 82' lang='lat' dir='ltr'><strong>videar,</strong></span> <span class='ocrx_word' id='word_1_127' title='bbox 590 1723 683 1782; x_wconf 81' lang='lat' dir='ltr'><strong>cogar</strong></span> <span class='ocrx_word' id='word_1_128' title='bbox 702 1702 740 1764; x_wconf 90' lang='lat' dir='ltr'><strong>ad</strong></span> <span class='ocrx_word' id='word_1_129' title='bbox 757 1703 953 1790; x_wconf 84' lang='lat' dir='ltr'><strong>explendum</strong></span> <span class='ocrx_word' id='word_1_130' title='bbox 969 1729 1069 1792; x_wconf 85' lang='lat' dir='ltr'><strong>opus,</strong></span> <span class='ocrx_word' id='word_1_131' title='bbox 1100 1713 1192 1798; x_wconf 91' lang='lat' dir='ltr'><strong>quod</strong></span> <span class='ocrx_word' id='word_1_132' title='bbox 1203 1728 1251 1777; x_wconf 86' lang='lat' dir='ltr'><strong>te·</strong></span> 
     </span>
     <span class='ocr_line' id='line_1_16' title="bbox 132 1785 1250 1891; baseline 0.008 -21"><span class='ocrx_word' id='word_1_133' title='bbox 132 1785 224 1871; x_wconf 88' lang='lat' dir='ltr'><strong>mere</strong></span> <span class='ocrx_word' id='word_1_134' title='bbox 252 1816 285 1867; x_wconf 89' lang='lat' dir='ltr'><strong>et</strong></span> <span class='ocrx_word' id='word_1_135' title='bbox 301 1804 411 1866; x_wconf 87' lang='lat' dir='ltr'><strong>illicite</strong></span> <span class='ocrx_word' id='word_1_136' title='bbox 432 1805 603 1889; x_wconf 74' lang='lat' dir='ltr'><strong>promisi„</strong></span> <span class='ocrx_word' id='word_1_137' title='bbox 652 1804 714 1867; x_wconf 87' lang='lat' dir='ltr'><strong>l‘er</strong></span> <span class='ocrx_word' id='word_1_138' title='bbox 737 1807 768 1866; x_wconf 91' lang='lat' dir='ltr'><strong>se</strong></span> <span class='ocrx_word' id='word_1_139' title='bbox 792 1818 939 1891; x_wconf 89' lang='lat' dir='ltr'><strong>apparet,</strong></span> <span class='ocrx_word' id='word_1_140' title='bbox 969 1808 1053 1872; x_wconf 89' lang='lat' dir='ltr'><strong>hauc</strong></span> <span class='ocrx_word' id='word_1_141' title='bbox 1073 1809 1250 1879; x_wconf 84' lang='lat' dir='ltr'><strong>doctrinam</strong></span> 
     </span>
     <span class='ocr_line' id='line_1_17' title="bbox 64 1902 1250 1990; baseline 0.008 -19"><span class='ocrx_word' id='word_1_142' title='bbox 64 1902 68 1907; x_wconf 63' lang='grc'><strong>’</strong></span> <span class='ocrx_word' id='word_1_143' title='bbox 107 1962 109 1967; x_wconf 98' lang='grc'>.</span> <span class='ocrx_word' id='word_1_144' title='bbox 133 1906 271 1987; x_wconf 86' lang='lat' dir='ltr'><strong>Origeni</strong></span> <span class='ocrx_word' id='word_1_145' title='bbox 285 1906 364 1970; x_wconf 77' lang='lat' dir='ltr'><strong>vitio</strong></span> <span class='ocrx_word' id='word_1_146' title='bbox 380 1906 463 1968; x_wconf 78' lang='lat' dir='ltr'><strong>serti</strong></span> <span class='ocrx_word' id='word_1_147' title='bbox 480 1927 545 1966; x_wconf 90' lang='lat' dir='ltr'><strong>non</strong></span> <span class='ocrx_word' id='word_1_148' title='bbox 557 1906 663 1990; x_wconf 80' lang='lat' dir='ltr'><strong>posse3</strong></span> <span class='ocrx_word' id='word_1_149' title='bbox 690 1903 745 1966; x_wconf 93' lang='lat' dir='ltr'><strong>sed</strong></span> <span class='ocrx_word' id='word_1_150' title='bbox 765 1904 806 1967; x_wconf 90' lang='lat' dir='ltr'><strong>de</strong></span> <span class='ocrx_word' id='word_1_151' title='bbox 826 1907 1042 1973; x_wconf 86' lang='lat' dir='ltr'><strong>mendacio</strong></span> <span class='ocrx_word' id='word_1_152' title='bbox 1064 1915 1179 1978; x_wconf 79' lang='lat' dir='ltr'><strong>statuit</strong></span> <span class='ocrx_word' id='word_1_153' title='bbox 1193 1918 1250 1979; x_wconf 83' lang='lat' dir='ltr'><strong>ali-</strong></span> 
     </span>
     <span class='ocr_line' id='line_1_18' title="bbox 133 2004 1249 2096; baseline 0.012 -27"><span class='ocrx_word' id='word_1_154' title='bbox 133 2007 230 2096; x_wconf 88' lang='lat' dir='ltr'><strong>quid,</strong></span> <span class='ocrx_word' id='word_1_155' title='bbox 247 2018 379 2093; x_wconf 87' lang='lat' dir='ltr'><strong>propter</strong></span> <span class='ocrx_word' id='word_1_156' title='bbox 391 2004 522 2093; x_wconf 76' lang='lat' dir='ltr'><strong>quodtin</strong></span> <span class='ocrx_word' id='word_1_157' title='bbox 534 2007 712 2067; x_wconf 89' lang='lat' dir='ltr'><strong>multorum</strong></span> <span class='ocrx_word' id='word_1_158' title='bbox 724 2006 920 2093; x_wconf 82' lang='lat' dir='ltr'><strong>vituperium</strong></span> <span class='ocrx_word' id='word_1_159' title='bbox 932 2009 1045 2074; x_wconf 87' lang='lat' dir='ltr'><strong>incidit</strong></span> <span class='ocrx_word' id='word_1_160' title='bbox 1058 2014 1146 2094; x_wconf 84' lang='lat' dir='ltr'><strong>(vid.</strong></span> <span class='ocrx_word' id='word_1_161' title='bbox 1160 2018 1249 2081; x_wconf 86' lang='lat' dir='ltr'><strong>Hue-</strong></span> 
     </span>
     <span class='ocr_line' id='line_1_19' title="bbox 130 2094 1248 2194; baseline 0.006 -19"><span class='ocrx_word' id='word_1_162' title='bbox 130 2114 173 2175; x_wconf 85' lang='lat' dir='ltr'><strong>tii</strong></span> <span class='ocrx_word' id='word_1_163' title='bbox 187 2094 373 2190; x_wconf 82' lang='lat' dir='ltr'><strong>Origenian.</strong></span> <span class='ocrx_word' id='word_1_164' title='bbox 388 2105 429 2170; x_wconf 90' lang='lat' dir='ltr'><strong>L.</strong></span> <span class='ocrx_word' id='word_1_165' title='bbox 439 2104 482 2169; x_wconf 90' lang='lat'><strong>11.</strong></span> <span class='ocrx_word' id='word_1_166' title='bbox 495 2128 521 2170; x_wconf 88' lang='lat' dir='ltr'><strong>c.</strong></span> <span class='ocrx_word' id='word_1_167' title='bbox 536 2119 566 2172; x_wconf 81' lang='lat'><strong>2.</strong></span> <span class='ocrx_word' id='word_1_168' title='bbox 588 2128 640 2192; x_wconf 85' lang='lat' dir='ltr'><strong>qu.</strong></span> <span class='ocrx_word' id='word_1_169' title='bbox 658 2113 717 2191; x_wconf 74' lang='grc' dir='ltr'><strong>14.Ι</strong></span> <span class='ocrx_word' id='word_1_170' title='bbox 728 2111 753 2193; x_wconf 68' lang='lat' dir='ltr'><strong>l.</strong></span> <span class='ocrx_word' id='word_1_171' title='bbox 764 2120 794 2174; x_wconf 86' lang='grc'><strong>6.</strong></span> <span class='ocrx_word' id='word_1_172' title='bbox 817 2130 849 2194; x_wconf 86' lang='lat' dir='ltr'><strong>p.</strong></span> <span class='ocrx_word' id='word_1_173' title='bbox 867 2111 953 2190; x_wconf 74' lang='lat'>184).</span> <span class='ocrx_word' id='word_1_174' title='bbox 994 2111 1152 2179; x_wconf 83' lang='lat' dir='ltr'><strong>Laudato</strong></span> <span class='ocrx_word' id='word_1_175' title='bbox 1167 2120 1248 2182; x_wconf 88' lang='lat' dir='ltr'><strong>enim</strong></span> 
     </span>
     <span class='ocr_line' id='line_1_20' title="bbox 132 2204 1247 2303; baseline 0.008 -30"><span class='ocrx_word' id='word_1_176' title='bbox 132 2213 181 2292; x_wconf 91' lang='lat' dir='ltr'><strong>(iu</strong></span> <span class='ocrx_word' id='word_1_177' title='bbox 203 2212 372 2289; x_wconf 83' lang='lat' dir='ltr'><strong>fragment.</strong></span> <span class='ocrx_word' id='word_1_178' title='bbox 395 2208 450 2271; x_wconf 89' lang='lat' dir='ltr'><strong>lib.</strong></span> <span class='ocrx_word' id='word_1_179' title='bbox 469 2204 528 2271; x_wconf 87' lang='lat' dir='ltr'><strong>VI.</strong></span> <span class='ocrx_word' id='word_1_180' title='bbox 551 2206 744 2271; x_wconf 89' lang='lat' dir='ltr'><strong>Stromatum</strong></span> <span class='ocrx_word' id='word_1_181' title='bbox 769 2211 834 2273; x_wconf 78' lang='lat' dir='ltr'><strong>vol.</strong></span> <span class='ocrx_word' id='word_1_182' title='bbox 853 2209 941 2289; x_wconf 77' lang='lat' dir='ltr'><strong>I,&#39;89</strong></span> <span class='ocrx_word' id='word_1_183' title='bbox 965 2210 1011 2274; x_wconf 61' lang='lat' dir='ltr'><strong>fix</strong></span> <span class='ocrx_word' id='word_1_184' title='bbox 1032 2213 1247 2303; x_wconf 77' lang='lat' dir='ltr'><strong>Hieronymo)</strong></span> 
     </span>
     <span class='ocr_line' id='line_1_21' title="bbox 131 2307 1246 2404; baseline 0.005 -27"><span class='ocrx_word' id='word_1_185' title='bbox 131 2315 203 2377; x_wconf 89' lang='lat' dir='ltr'><strong>loco</strong></span> <span class='ocrx_word' id='word_1_186' title='bbox 217 2310 357 2399; x_wconf 85' lang='lat' dir='ltr'><strong>quodam</strong></span> <span class='ocrx_word' id='word_1_187' title='bbox 370 2307 529 2372; x_wconf 83' lang='lat' dir='ltr'><strong>Platonis:</strong></span> <span class='ocrx_word' id='word_1_188' title='bbox 557 2307 625 2370; x_wconf 87' lang='lat' dir='ltr'><strong>”Et</strong></span> <span class='ocrx_word' id='word_1_189' title='bbox 641 2330 746 2388; x_wconf 89' lang='lat' dir='ltr'><strong>aos,‚,</strong></span> <span class='ocrx_word' id='word_1_190' title='bbox 773 2310 832 2389; x_wconf 88' lang='lat' dir='ltr'><strong>ait,</strong></span> <span class='ocrx_word' id='word_1_191' title='bbox 862 2312 973 2376; x_wconf 82' lang='lat' dir='ltr'><strong>”illius</strong></span> <span class='ocrx_word' id='word_1_192' title='bbox 992 2321 1160 2404; x_wconf 81' lang='lat' dir='ltr'><strong>praecepti</strong></span> <span class='ocrx_word' id='word_1_193' title='bbox 1176 2342 1246 2383; x_wconf 78' lang='lat' dir='ltr'><strong>rne-</strong></span> 
     </span>
     <span class='ocr_line' id='line_1_22' title="bbox 65 2406 1245 2501; baseline 0.005 -23"><span class='ocrx_word' id='word_1_194' title='bbox 65 2416 68 2423; x_wconf 80' lang='lat'>&#39;</span> <span class='ocrx_word' id='word_1_195' title='bbox 129 2434 255 2479; x_wconf 82' lang='lat' dir='ltr'><strong>mores:</strong></span> <span class='ocrx_word' id='word_1_196' title='bbox 284 2407 478 2494; x_wconf 89' lang='lat' dir='ltr'><strong>Loquimini</strong></span> <span class='ocrx_word' id='word_1_197' title='bbox 494 2406 662 2469; x_wconf 83' lang='lat' dir='ltr'><strong>veritatem</strong></span> <span class='ocrx_word' id='word_1_198' title='bbox 681 2413 900 2497; x_wconf 88' lang='lat' dir='ltr'><strong>uuusquisque</strong></span> <span class='ocrx_word' id='word_1_199' title='bbox 920 2434 992 2474; x_wconf 92' lang='lat' dir='ltr'><strong>cum</strong></span> <span class='ocrx_word' id='word_1_200' title='bbox 1009 2419 1165 2500; x_wconf 83' lang='lat' dir='ltr'><strong>proximo</strong></span> <span class='ocrx_word' id='word_1_201' title='bbox 1184 2423 1245 2501; x_wconf 92' lang='lat' dir='ltr'><strong>suo,</strong></span> 
     </span>
    </p>
   </div>
   <div class='ocr_carea' id='block_1_3' title="bbox 28 2506 1246 2594">
    <p class='ocr_par' dir='ltr' id='par_1_3' title="bbox 28 2506 1246 2594">
     <span class='ocr_line' id='line_1_23' title="bbox 28 2506 1246 2594; baseline -0.002 -17"><span class='ocrx_word' id='word_1_202' title='bbox 28 2521 34 2537; x_wconf 69' lang='lat'><strong>⁴</strong></span> <span class='ocrx_word' id='word_1_203' title='bbox 129 2536 197 2578; x_wconf 87' lang='lat' dir='ltr'><strong>non</strong></span> <span class='ocrx_word' id='word_1_204' title='bbox 220 2511 375 2573; x_wconf 90' lang='lat' dir='ltr'><strong>debemus</strong></span> <span class='ocrx_word' id='word_1_205' title='bbox 398 2506 518 2568; x_wconf 89' lang='lat' dir='ltr'><strong>dicere:</strong></span> <span class='ocrx_word' id='word_1_206' title='bbox 549 2508 620 2591; x_wconf 90' lang='lat' dir='ltr'><strong>quis</strong></span> <span class='ocrx_word' id='word_1_207' title='bbox 640 2511 686 2569; x_wconf 91' lang='lat' dir='ltr'><strong>est</strong></span> <span class='ocrx_word' id='word_1_208' title='bbox 701 2512 867 2594; x_wconf 86' lang='lat' dir='ltr'><strong>proximus</strong></span> <span class='ocrx_word' id='word_1_209' title='bbox 885 2510 1001 2577; x_wconf 83' lang='lat' dir='ltr'><strong>meus?</strong></span> <span class='ocrx_word' id='word_1_210' title='bbox 1024 2516 1081 2580; x_wconf 83' lang='lat' dir='ltr'><strong>sed</strong></span> <span class='ocrx_word' id='word_1_211' title='bbox 1098 2521 1246 2584; x_wconf 62' lang='lat' dir='ltr'><strong>confide-</strong></span> 
     </span>
    </p>
   </div>
   <div class='ocr_carea' id='block_1_4' title="bbox 61 2604 1245 3509">
    <p class='ocr_par' dir='ltr' id='par_1_4' title="bbox 73 2604 1245 2697">
     <span class='ocr_line' id='line_1_24' title="bbox 73 2604 1245 2697; baseline 0.005 -19"><span class='ocrx_word' id='word_1_212' title='bbox 73 2681 76 2685; x_wconf 60' lang='grc'>,</span> <span class='ocrx_word' id='word_1_213' title='bbox 127 2635 216 2692; x_wconf 90' lang='lat' dir='ltr'><strong>rare,</strong></span> <span class='ocrx_word' id='word_1_214' title='bbox 236 2604 398 2697; x_wconf 91' lang='lat' dir='ltr'><strong>quomodo</strong></span> <span class='ocrx_word' id='word_1_215' title='bbox 413 2605 622 2690; x_wconf 85' lang='lat' dir='ltr'><strong>philosophus</strong></span> <span class='ocrx_word' id='word_1_216' title='bbox 636 2622 727 2671; x_wconf 91' lang='lat' dir='ltr'><strong>caute</strong></span> <span class='ocrx_word' id='word_1_217' title='bbox 742 2609 874 2692; x_wconf 85' lang='lat' dir='ltr'><strong>dixerit,</strong></span> <span class='ocrx_word' id='word_1_218' title='bbox 896 2613 967 2677; x_wconf 88' lang='lat' dir='ltr'><strong>Deo</strong></span> <span class='ocrx_word' id='word_1_219' title='bbox 981 2614 1141 2685; x_wconf 87' lang='lat' dir='ltr'><strong>rudecens</strong></span> <span class='ocrx_word' id='word_1_220' title='bbox 1151 2636 1183 2686; x_wconf 91' lang='lat' dir='ltr'><strong>et</strong></span> <span class='ocrx_word' id='word_1_221' title='bbox 1192 2645 1245 2684; x_wconf 90' lang='lat' dir='ltr'><strong>m</strong></span> 
     </span>
    </p>

    <p class='ocr_par' dir='ltr' id='par_1_5' title="bbox 123 2707 1243 3011">
     <span class='ocr_line' id='line_1_25' title="bbox 127 2707 1242 2808; baseline 0.003 -28"><span class='ocrx_word' id='word_1_222' title='bbox 127 2718 207 2780; x_wconf 90' lang='lat' dir='ltr'><strong>utile</strong></span> <span class='ocrx_word' id='word_1_223' title='bbox 223 2716 285 2777; x_wconf 93' lang='lat' dir='ltr'><strong>esse</strong></span> <span class='ocrx_word' id='word_1_224' title='bbox 300 2707 521 2784; x_wconf 86' lang='lat' dir='ltr'><strong>mendacium,</strong></span> <span class='ocrx_word' id='word_1_225' title='bbox 546 2707 735 2777; x_wconf 83' lang='lat' dir='ltr'><strong>horninibus</strong></span> <span class='ocrx_word' id='word_1_226' title='bbox 749 2711 913 2791; x_wconf 89' lang='lat' dir='ltr'><strong>interdum</strong></span> <span class='ocrx_word' id='word_1_227' title='bbox 926 2713 1022 2798; x_wconf 89' lang='lat' dir='ltr'><strong>utile,</strong></span> <span class='ocrx_word' id='word_1_228' title='bbox 1050 2732 1084 2781; x_wconf 93' lang='lat' dir='ltr'><strong>et</strong></span> <span class='ocrx_word' id='word_1_229' title='bbox 1102 2721 1242 2808; x_wconf 88' lang='lat' dir='ltr'><strong>quodne</strong></span> 
     </span>
     <span class='ocr_line' id='line_1_26' title="bbox 125 2807 1243 2905; baseline 0.006 -26"><span class='ocrx_word' id='word_1_230' title='bbox 125 2839 184 2905; x_wconf 93' lang='lat' dir='ltr'><strong>pro</strong></span> <span class='ocrx_word' id='word_1_231' title='bbox 205 2813 439 2900; x_wconf 89' lang='lat' dir='ltr'><strong>dispensatione</strong></span> <span class='ocrx_word' id='word_1_232' title='bbox 461 2807 592 2896; x_wconf 90' lang='lat' dir='ltr'><strong>quidem</strong></span> <span class='ocrx_word' id='word_1_233' title='bbox 611 2808 772 2896; x_wconf 83' lang='lat' dir='ltr'><strong>putandus</strong></span> <span class='ocrx_word' id='word_1_234' title='bbox 791 2813 830 2875; x_wconf 85' lang='lat' dir='ltr'><strong>sit</strong></span> <span class='ocrx_word' id='word_1_235' title='bbox 845 2813 933 2877; x_wconf 91' lang='lat' dir='ltr'><strong>Deus</strong></span> <span class='ocrx_word' id='word_1_236' title='bbox 950 2815 1125 2903; x_wconf 82' lang='lat' dir='ltr'><strong>aliquando</strong></span> <span class='ocrx_word' id='word_1_237' title='bbox 1147 2845 1243 2888; x_wconf 84' lang='lat' dir='ltr'><strong>men-</strong></span> 
     </span>
     <span class='ocr_line' id='line_1_27' title="bbox 123 2907 1242 3011; baseline 0.006 -31"><span class='ocrx_word' id='word_1_238' title='bbox 123 2919 187 2982; x_wconf 87' lang='lat' dir='ltr'><strong>tiri</strong></span> <span class='ocrx_word' id='word_1_239' title='bbox 239 2916 298 2978; x_wconf 89' lang='lat' dir='ltr'><strong>Sin</strong></span> <span class='ocrx_word' id='word_1_240' title='bbox 313 2925 421 2974; x_wconf 89' lang='lat' dir='ltr'><strong>autem</strong></span> <span class='ocrx_word' id='word_1_241' title='bbox 435 2907 639 2972; x_wconf 88' lang='lat' dir='ltr'><strong>commodum</strong></span> <span class='ocrx_word' id='word_1_242' title='bbox 651 2909 981 2996; x_wconf 78' lang='lat' dir='ltr'><strong>audientieexegerit,</strong></span> <span class='ocrx_word' id='word_1_243' title='bbox 1009 2923 1119 2985; x_wconf 84' lang='lat' dir='ltr'><strong>verbis</strong></span> <span class='ocrx_word' id='word_1_244' title='bbox 1131 2924 1242 3011; x_wconf 86' lang='lat' dir='ltr'><strong>loqui-</strong></span> 
     </span>
    </p>

    <p class='ocr_par' dir='ltr' id='par_1_6' title="bbox 61 3011 1241 3509">
     <span class='ocr_line' id='line_1_28' title="bbox 122 3011 1241 3102; baseline 0.007 -21"><span class='ocrx_word' id='word_1_245' title='bbox 122 3029 176 3081; x_wconf 87' lang='lat' dir='ltr'><strong>tur</strong></span> <span class='ocrx_word' id='word_1_246' title='bbox 191 3013 348 3094; x_wconf 81' lang='lat' dir='ltr'><strong>ambiguis</strong></span> <span class='ocrx_word' id='word_1_247' title='bbox 367 3023 400 3073; x_wconf 91' lang='lat' dir='ltr'><strong>et</strong></span> <span class='ocrx_word' id='word_1_248' title='bbox 417 3031 474 3096; x_wconf 90' lang='lat' dir='ltr'><strong>per</strong></span> <span class='ocrx_word' id='word_1_249' title='bbox 487 3011 682 3090; x_wconf 83' lang='lat' dir='ltr'><strong>aenigmata,</strong></span> <span class='ocrx_word' id='word_1_250' title='bbox 711 3034 793 3098; x_wconf 90' lang='lat' dir='ltr'><strong>quae</strong></span> <span class='ocrx_word' id='word_1_251' title='bbox 807 3018 877 3078; x_wconf 85' lang='lat' dir='ltr'><strong>vult</strong></span> <span class='ocrx_word' id='word_1_252' title='bbox 891 3020 1029 3102; x_wconf 90' lang='lat' dir='ltr'><strong>prosert,</strong></span> <span class='ocrx_word' id='word_1_253' title='bbox 1050 3033 1088 3083; x_wconf 87' lang='lat' dir='ltr'><strong>ut</strong></span> <span class='ocrx_word' id='word_1_254' title='bbox 1101 3035 1135 3086; x_wconf 90' lang='lat' dir='ltr'><strong>et</strong></span> <span class='ocrx_word' id='word_1_255' title='bbox 1150 3026 1241 3089; x_wconf 78' lang='lat' dir='ltr'><strong>veri-</strong></span> 
     </span>
     <span class='ocr_line' id='line_1_29' title="bbox 121 3110 1239 3212; baseline 0.004 -28"><span class='ocrx_word' id='word_1_256' title='bbox 121 3120 198 3183; x_wconf 87' lang='lat' dir='ltr'><strong>tatis</strong></span> <span class='ocrx_word' id='word_1_257' title='bbox 213 3115 298 3203; x_wconf 92' lang='lat' dir='ltr'><strong>apud</strong></span> <span class='ocrx_word' id='word_1_258' title='bbox 312 3135 387 3176; x_wconf 88' lang='lat' dir='ltr'><strong>eum</strong></span> <span class='ocrx_word' id='word_1_259' title='bbox 402 3110 538 3193; x_wconf 85' lang='lat' dir='ltr'><strong>dignitas</strong></span> <span class='ocrx_word' id='word_1_260' title='bbox 554 3115 774 3194; x_wconf 58' lang='lat' dir='ltr'><strong>conservatum</strong></span> <span class='ocrx_word' id='word_1_261' title='bbox 795 3125 828 3177; x_wconf 86' lang='lat' dir='ltr'><strong>et</strong></span> <span class='ocrx_word' id='word_1_262' title='bbox 841 3116 928 3203; x_wconf 84' lang='lat' dir='ltr'><strong>quod</strong></span> <span class='ocrx_word' id='word_1_263' title='bbox 944 3122 1080 3183; x_wconf 89' lang='lat' dir='ltr'><strong>noxium</strong></span> <span class='ocrx_word' id='word_1_264' title='bbox 1096 3126 1163 3187; x_wconf 90' lang='lat' dir='ltr'><strong>esse</strong></span> <span class='ocrx_word' id='word_1_265' title='bbox 1177 3148 1239 3212; x_wconf 93' lang='lat' dir='ltr'><strong>po-</strong></span> 
     </span>
     <span class='ocr_line' id='line_1_30' title="bbox 120 3213 1238 3305; baseline 0.004 -21"><span class='ocrx_word' id='word_1_266' title='bbox 120 3231 219 3295; x_wconf 85' lang='lat' dir='ltr'><strong>terat,</strong></span> <span class='ocrx_word' id='word_1_267' title='bbox 246 3219 271 3281; x_wconf 83' lang='lat' dir='ltr'><strong>sr</strong></span> <span class='ocrx_word' id='word_1_268' title='bbox 292 3213 417 3277; x_wconf 88' lang='lat' dir='ltr'><strong>nudum</strong></span> <span class='ocrx_word' id='word_1_269' title='bbox 432 3214 628 3298; x_wconf 85' lang='lat' dir='ltr'><strong>proferretur</strong></span> <span class='ocrx_word' id='word_1_270' title='bbox 647 3214 682 3274; x_wconf 85' lang='lat' dir='ltr'><strong>iu</strong></span> <span class='ocrx_word' id='word_1_271' title='bbox 695 3216 827 3296; x_wconf 80' lang='lat' dir='ltr'><strong>vulgus,</strong></span> <span class='ocrx_word' id='word_1_272' title='bbox 853 3219 993 3305; x_wconf 86' lang='lat' dir='ltr'><strong>quodam</strong></span> <span class='ocrx_word' id='word_1_273' title='bbox 1007 3234 1128 3289; x_wconf 87' lang='lat' dir='ltr'><strong>tectum</strong></span> <span class='ocrx_word' id='word_1_274' title='bbox 1144 3229 1238 3290; x_wconf 78' lang='lat' dir='ltr'><strong>vela-</strong></span> 
     </span>
     <span class='ocr_line' id='line_1_31' title="bbox 119 3312 1237 3404; baseline 0.005 -20"><span class='ocrx_word' id='word_1_275' title='bbox 119 3323 209 3385; x_wconf 88' lang='lat' dir='ltr'><strong>mine</strong></span> <span class='ocrx_word' id='word_1_276' title='bbox 223 3317 412 3404; x_wconf 83' lang='lat' dir='ltr'><strong>proseratur.</strong></span> <span class='ocrx_word' id='word_1_277' title='bbox 455 3312 564 3377; x_wconf 85' lang='lat' dir='ltr'><strong>Homo</strong></span> <span class='ocrx_word' id='word_1_278' title='bbox 580 3326 706 3394; x_wconf 87' lang='lat' dir='ltr'><strong>autern,</strong></span> <span class='ocrx_word' id='word_1_279' title='bbox 728 3319 779 3379; x_wconf 93' lang='lat' dir='ltr'><strong>cui</strong></span> <span class='ocrx_word' id='word_1_280' title='bbox 791 3317 947 3384; x_wconf 91' lang='lat' dir='ltr'><strong>incumbit</strong></span> <span class='ocrx_word' id='word_1_281' title='bbox 960 3325 1127 3390; x_wconf 81' lang='lat' dir='ltr'><strong>necessitas</strong></span> <span class='ocrx_word' id='word_1_282' title='bbox 1139 3348 1237 3390; x_wconf 89' lang='lat' dir='ltr'><strong>men-</strong></span> 
     </span>
     <span class='ocr_line' id='line_1_32' title="bbox 61 3412 1234 3509; baseline 0.003 -23"><span class='ocrx_word' id='word_1_283' title='bbox 61 3454 64 3459; x_wconf 93' lang='lat'>·</span> <span class='ocrx_word' id='word_1_284' title='bbox 118 3419 241 3499; x_wconf 89' lang='lat' dir='ltr'><strong>tieudi,</strong></span> <span class='ocrx_word' id='word_1_285' title='bbox 270 3416 440 3496; x_wconf 84' lang='lat' dir='ltr'><strong>diligenter</strong></span> <span class='ocrx_word' id='word_1_286' title='bbox 456 3412 617 3495; x_wconf 89' lang='lat' dir='ltr'><strong>attendat,</strong></span> <span class='ocrx_word' id='word_1_287' title='bbox 645 3428 680 3476; x_wconf 89' lang='lat' dir='ltr'><strong>ut</strong></span> <span class='ocrx_word' id='word_1_288' title='bbox 699 3417 739 3477; x_wconf 88' lang='lat' dir='ltr'><strong>fic</strong></span> <span class='ocrx_word' id='word_1_289' title='bbox 755 3431 861 3483; x_wconf 88' lang='lat' dir='ltr'><strong>utatur</strong></span> <span class='ocrx_word' id='word_1_290' title='bbox 875 3422 1039 3487; x_wconf 90' lang='lat' dir='ltr'><strong>interdum</strong></span> <span class='ocrx_word' id='word_1_291' title='bbox 1052 3426 1234 3509; x_wconf 85' lang='lat' dir='ltr'><strong>mendacio,</strong></span> 
     </span>
    </p>
   </div>
   <div class='ocr_carea' id='block_1_5' title="bbox 17 3515 1234 3609">
    <p class='ocr_par' dir='ltr' id='par_1_7' title="bbox 17 3515 1234 3609">
     <span class='ocr_line' id='line_1_33' title="bbox 17 3515 1234 3609; baseline 0.009 -27"><span class='ocrx_word' id='word_1_292' title='bbox 17 3515 21 3522; x_wconf 77' lang='grc'><strong>’</strong></span> <span class='ocrx_word' id='word_1_293' title='bbox 90 3566 95 3581; x_wconf 52' lang='lat' dir='ltr'><strong>r</strong></span> <span class='ocrx_word' id='word_1_294' title='bbox 117 3517 280 3609; x_wconf 89' lang='lat' dir='ltr'><strong>quomodo</strong></span> <span class='ocrx_word' id='word_1_295' title='bbox 298 3515 502 3580; x_wconf 89' lang='lat' dir='ltr'><strong>condimento</strong></span> <span class='ocrx_word' id='word_1_296' title='bbox 522 3528 617 3602; x_wconf 86' lang='lat' dir='ltr'><strong>atque</strong></span> <span class='ocrx_word' id='word_1_297' title='bbox 632 3515 862 3602; x_wconf 74' lang='lat' dir='ltr'><strong>medicamine,</strong></span> <span class='ocrx_word' id='word_1_298' title='bbox 892 3536 928 3585; x_wconf 92' lang='lat' dir='ltr'><strong>ut</strong></span> <span class='ocrx_word' id='word_1_299' title='bbox 939 3526 1042 3587; x_wconf 83' lang='lat' dir='ltr'><strong>servet</strong></span> <span class='ocrx_word' id='word_1_300' title='bbox 1051 3531 1234 3594; x_wconf 89' lang='lat' dir='ltr'><strong>mensuram</strong></span> 
     </span>
    </p>
   </div>
   <div class='ocr_carea' id='block_1_6' title="bbox 87 3615 1234 4227">
    <p class='ocr_par' dir='ltr' id='par_1_8' title="bbox 87 3615 1234 4227">
     <span class='ocr_line' id='line_1_34' title="bbox 116 3615 1234 3705; baseline 0.008 -19"><span class='ocrx_word' id='word_1_301' title='bbox 116 3627 202 3705; x_wconf 89' lang='lat' dir='ltr'><strong>ejus,</strong></span> <span class='ocrx_word' id='word_1_302' title='bbox 230 3640 272 3682; x_wconf 90' lang='lat' dir='ltr'><strong>ue</strong></span> <span class='ocrx_word' id='word_1_303' title='bbox 292 3615 425 3681; x_wconf 86' lang='lat' dir='ltr'><strong>excedat</strong></span> <span class='ocrx_word' id='word_1_304' title='bbox 448 3618 620 3696; x_wconf 83' lang='lat' dir='ltr'><strong>terminos,</strong></span> <span class='ocrx_word' id='word_1_305' title='bbox 649 3618 764 3702; x_wconf 87' lang='lat' dir='ltr'><strong>quibus</strong></span> <span class='ocrx_word' id='word_1_306' title='bbox 782 3626 833 3702; x_wconf 87' lang='lat' dir='ltr'><strong>usa</strong></span> <span class='ocrx_word' id='word_1_307' title='bbox 853 3625 899 3685; x_wconf 84' lang='lat' dir='ltr'><strong>est</strong></span> <span class='ocrx_word' id='word_1_308' title='bbox 910 3623 1023 3687; x_wconf 86' lang='lat' dir='ltr'><strong>Judith</strong></span> <span class='ocrx_word' id='word_1_309' title='bbox 1036 3640 1148 3693; x_wconf 85' lang='lat' dir='ltr'><strong>contra</strong></span> <span class='ocrx_word' id='word_1_310' title='bbox 1162 3632 1234 3695; x_wconf 86' lang='lat' dir='ltr'><strong>Ho-</strong></span> 
     </span>
     <span class='ocr_line' id='line_1_35' title="bbox 115 3707 1231 3808; baseline 0.01 -22"><span class='ocrx_word' id='word_1_311' title='bbox 115 3707 322 3808; x_wconf 83' lang='lat' dir='ltr'><strong>sophernem‚</strong></span> <span class='ocrx_word' id='word_1_312' title='bbox 362 3730 395 3779; x_wconf 89' lang='lat' dir='ltr'><strong>et</strong></span> <span class='ocrx_word' id='word_1_313' title='bbox 424 3718 502 3779; x_wconf 83' lang='lat' dir='ltr'><strong>vicit</strong></span> <span class='ocrx_word' id='word_1_314' title='bbox 529 3740 604 3780; x_wconf 87' lang='lat' dir='ltr'><strong>euru</strong></span> <span class='ocrx_word' id='word_1_315' title='bbox 633 3719 785 3806; x_wconf 86' lang='lat' dir='ltr'><strong>prudenti</strong></span> <span class='ocrx_word' id='word_1_316' title='bbox 812 3720 1231 3797; x_wconf 64' lang='lat' dir='ltr'><strong>simulatione&#39;verborum.</strong></span> 
     </span>
     <span class='ocr_line' id='line_1_36' title="bbox 87 3819 1233 3914; baseline 0.01 -26"><span class='ocrx_word' id='word_1_317' title='bbox 87 3894 91 3901; x_wconf 55' lang='grc'><strong>,</strong></span> <span class='ocrx_word' id='word_1_318' title='bbox 115 3822 264 3889; x_wconf 87' lang='lat' dir='ltr'><strong>Imitetur</strong></span> <span class='ocrx_word' id='word_1_319' title='bbox 275 3821 402 3898; x_wconf 87' lang='lat' dir='ltr'><strong>Esther,</strong></span> <span class='ocrx_word' id='word_1_320' title='bbox 430 3838 512 3906; x_wconf 88' lang='lat' dir='ltr'><strong>quae</strong></span> <span class='ocrx_word' id='word_1_321' title='bbox 524 3819 715 3884; x_wconf 82' lang='lat' dir='ltr'><strong>Artaxerxis</strong></span> <span class='ocrx_word' id='word_1_322' title='bbox 729 3826 916 3888; x_wconf 85' lang='lat' dir='ltr'><strong>sententiam</strong></span> <span class='ocrx_word' id='word_1_323' title='bbox 934 3824 989 3889; x_wconf 90' lang='lat' dir='ltr'><strong>diu</strong></span> <span class='ocrx_word' id='word_1_324' title='bbox 1014 3833 1109 3893; x_wconf 88' lang='lat' dir='ltr'><strong>tacita</strong></span> <span class='ocrx_word' id='word_1_325' title='bbox 1128 3838 1233 3914; x_wconf 85' lang='lat' dir='ltr'><strong>gentis</strong></span> 
     </span>
     <span class='ocr_line' id='line_1_37' title="bbox 113 3914 1233 4021; baseline 0.013 -34"><span class='ocrx_word' id='word_1_326' title='bbox 113 3914 249 3987; x_wconf 79' lang='lat' dir='ltr'><strong>veritate</strong></span> <span class='ocrx_word' id='word_1_327' title='bbox 268 3924 421 4005; x_wconf 81' lang='lat' dir='ltr'><strong>c9rrexit,</strong></span> <span class='ocrx_word' id='word_1_328' title='bbox 449 3934 481 3983; x_wconf 91' lang='lat' dir='ltr'><strong>et</strong></span> <span class='ocrx_word' id='word_1_329' title='bbox 494 3923 651 4006; x_wconf 87' lang='lat' dir='ltr'><strong>imprimis</strong></span> <span class='ocrx_word' id='word_1_330' title='bbox 667 3926 875 4015; x_wconf 84' lang='lat' dir='ltr'><strong>patriarcham</strong></span> <span class='ocrx_word' id='word_1_331' title='bbox 891 3928 1004 4009; x_wconf 92' lang='lat' dir='ltr'><strong>Jacob,</strong></span> <span class='ocrx_word' id='word_1_332' title='bbox 1033 3941 1233 4021; x_wconf 82' lang='lat' dir='ltr'><strong>quemlegi-</strong></span> 
     </span>
     <span class='ocr_line' id='line_1_38' title="bbox 113 4023 1230 4112; baseline 0.013 -24"><span class='ocrx_word' id='word_1_333' title='bbox 113 4046 187 4088; x_wconf 89' lang='lat' dir='ltr'><strong>rnus</strong></span> <span class='ocrx_word' id='word_1_334' title='bbox 216 4023 451 4088; x_wconf 85' lang='lat' dir='ltr'><strong>benedictiones</strong></span> <span class='ocrx_word' id='word_1_335' title='bbox 475 4023 573 4107; x_wconf 87' lang='lat' dir='ltr'><strong>patris</strong></span> <span class='ocrx_word' id='word_1_336' title='bbox 600 4025 711 4086; x_wconf 85' lang='lat' dir='ltr'><strong>artifici</strong></span> <span class='ocrx_word' id='word_1_337' title='bbox 735 4026 915 4112; x_wconf 81' lang='lat' dir='ltr'><strong>impetrasse</strong></span> <span class='ocrx_word' id='word_1_338' title='bbox 940 4030 1123 4101; x_wconf 85' lang='lat' dir='ltr'><strong>mendacio.</strong></span> <span class='ocrx_word' id='word_1_339' title='bbox 1180 4040 1230 4103; x_wconf 83' lang='lat' dir='ltr'><strong>Ex</strong></span> 
     </span>
     <span class='ocr_line' id='line_1_39' title="bbox 114 4123 1228 4227; baseline 0.015 -41"><span class='ocrx_word' id='word_1_340' title='bbox 114 4144 179 4209; x_wconf 86' lang='lat' dir='ltr'><strong>quo</strong></span> <span class='ocrx_word' id='word_1_341' title='bbox 205 4127 406 4212; x_wconf 90' lang='lat' dir='ltr'><strong>perspicuum</strong></span> <span class='ocrx_word' id='word_1_342' title='bbox 430 4126 489 4207; x_wconf 87' lang='lat' dir='ltr'><strong>est,</strong></span> <span class='ocrx_word' id='word_1_343' title='bbox 532 4123 636 4212; x_wconf 86' lang='lat' dir='ltr'><strong>quod,</strong></span> <span class='ocrx_word' id='word_1_344' title='bbox 666 4126 726 4193; x_wconf 77' lang='lat' dir='ltr'><strong>niu</strong></span> <span class='ocrx_word' id='word_1_345' title='bbox 751 4126 796 4192; x_wconf 90' lang='lat' dir='ltr'><strong>ita</strong></span> <span class='ocrx_word' id='word_1_346' title='bbox 821 4131 949 4195; x_wconf 88' lang='lat' dir='ltr'><strong>mentiti</strong></span> <span class='ocrx_word' id='word_1_347' title='bbox 971 4131 1155 4223; x_wconf 83' lang='lat' dir='ltr'><strong>sueriruus,</strong></span> <span class='ocrx_word' id='word_1_348' title='bbox 1179 4152 1228 4227; x_wconf 39' lang='lat' dir='ltr'><strong>,ut</strong></span> 
     </span>
    </p>
   </div>
   <div class='ocr_carea' id='block_1_7' title="bbox 0 0 1290 4770">
    <p class='ocr_par' dir='ltr' id='par_1_9' title="bbox 0 0 1290 4770">
     <span class='ocr_line' id='line_1_40' title="bbox 0 0 1290 4770; baseline 0 5"><span class='ocrx_word' id='word_1_349' title='bbox 0 0 1290 4770; x_wconf 95' lang='lat' dir='ltr'><strong> </strong></span> 
     </span>
    </p>
   </div>
  </div>
 </body>
</html>
