<?xml version="1.0" encoding="UTF-8"?>
<!DOCTYPE html PUBLIC "-//W3C//DTD XHTML 1.0 Transitional//EN"
    "http://www.w3.org/TR/xhtml1/DTD/xhtml1-transitional.dtd">
<html xmlns="http://www.w3.org/1999/xhtml" xml:lang="en" lang="en">
 <head>
  <title>
</title>
<meta http-equiv="Content-Type" content="text/html;charset=utf-8" />
  <meta name='ocr-system' content='tesseract 3.04.00' />
  <meta name='ocr-capabilities' content='ocr_page ocr_carea ocr_par ocr_line ocrx_word'/>
</head>
<body>
  <div class='ocr_page' id='page_1' title='image "./descholaquaeale00guergoog/descholaquaeale00guergoog_0126.png"; bbox 0 0 2572 4770; ppageno 0'>
   <div class='ocr_carea' id='block_1_1' title="bbox 398 306 772 371">
    <p class='ocr_par' dir='ltr' id='par_1_1' title="bbox 398 306 772 371">
     <span class='ocr_line' id='line_1_1' title="bbox 398 306 772 371; baseline -0.016 -36"><span class='ocrx_word' id='word_1_1' title='bbox 398 306 772 371; x_wconf 57' lang='grc' dir='ltr'><strong>-η--Ηῗ-</strong></span> 
     </span>
    </p>
   </div>
   <div class='ocr_carea' id='block_1_2' title="bbox 45 447 1221 951">
    <p class='ocr_par' dir='ltr' id='par_1_2' title="bbox 45 447 1221 951">
     <span class='ocr_line' id='line_1_2' title="bbox 45 447 1117 538; baseline 0.002 -23"><span class='ocrx_word' id='word_1_2' title='bbox 45 448 241 515; x_wconf 68' lang='lat' dir='ltr'><strong>senritatem</strong></span> <span class='ocrx_word' id='word_1_3' title='bbox 257 447 322 512; x_wconf 83' lang='lat' dir='ltr'><strong>iem</strong></span> <span class='ocrx_word' id='word_1_4' title='bbox 339 448 464 516; x_wconf 75' lang='lat' dir='ltr'><strong>rediret</strong></span> <span class='ocrx_word' id='word_1_5' title='bbox 476 450 605 525; x_wconf 73' lang='lat' dir='ltr'><strong>foliola,</strong></span> <span class='ocrx_word' id='word_1_6' title='bbox 636 470 723 537; x_wconf 80' lang='lat' dir='ltr'><strong>quoe</strong></span> <span class='ocrx_word' id='word_1_7' title='bbox 736 448 869 538; x_wconf 86' lang='lat' dir='ltr'><strong>quidem</strong></span> <span class='ocrx_word' id='word_1_8' title='bbox 886 448 970 516; x_wconf 85' lang='lat' dir='ltr'><strong>adeo</strong></span> <span class='ocrx_word' id='word_1_9' title='bbox 982 470 1050 517; x_wconf 91' lang='lat' dir='ltr'><strong>non</strong></span> <span class='ocrx_word' id='word_1_10' title='bbox 1064 448 1117 517; x_wconf 89' lang='lat' dir='ltr'><strong>in-</strong></span> 
     </span>
     <span class='ocr_line' id='line_1_3' title="bbox 45 550 1119 640; baseline 0 -23"><span class='ocrx_word' id='word_1_11' title='bbox 45 550 154 632; x_wconf 85' lang='lat' dir='ltr'><strong>teriit,</strong></span> <span class='ocrx_word' id='word_1_12' title='bbox 181 560 236 628; x_wconf 88' lang='lat' dir='ltr'><strong>ut,</strong></span> <span class='ocrx_word' id='word_1_13' title='bbox 264 552 414 637; x_wconf 83' lang='lat' dir='ltr'><strong>primurn</strong></span> <span class='ocrx_word' id='word_1_14' title='bbox 433 552 581 640; x_wconf 78' lang='lat' dir='ltr'><strong>Origene</strong></span> <span class='ocrx_word' id='word_1_15' title='bbox 598 566 630 618; x_wconf 89' lang='lat' dir='ltr'><strong>et</strong></span> <span class='ocrx_word' id='word_1_16' title='bbox 646 555 781 617; x_wconf 73' lang='lat' dir='ltr'><strong>reverso</strong></span> <span class='ocrx_word' id='word_1_17' title='bbox 795 554 966 625; x_wconf 78' lang='lat' dir='ltr'><strong>Clemente</strong></span> <span class='ocrx_word' id='word_1_18' title='bbox 983 551 1119 640; x_wconf 86' lang='lat' dir='ltr'><strong>praese-</strong></span> 
     </span>
     <span class='ocr_line' id='line_1_4' title="bbox 47 650 1118 743; baseline 0.001 -24"><span class='ocrx_word' id='word_1_19' title='bbox 47 654 134 733; x_wconf 76' lang='lat' dir='ltr'><strong>ctis,</strong></span> <span class='ocrx_word' id='word_1_20' title='bbox 163 650 238 716; x_wconf 88' lang='lat' dir='ltr'><strong>dein</strong></span> <span class='ocrx_word' id='word_1_21' title='bbox 256 652 325 718; x_wconf 92' lang='lat' dir='ltr'><strong>solo</strong></span> <span class='ocrx_word' id='word_1_22' title='bbox 346 654 511 740; x_wconf 80' lang='lat' dir='ltr'><strong>Origene,</strong></span> <span class='ocrx_word' id='word_1_23' title='bbox 541 655 583 719; x_wconf 87' lang='lat' dir='ltr'><strong>ad</strong></span> <span class='ocrx_word' id='word_1_24' title='bbox 603 653 799 743; x_wconf 88' lang='lat' dir='ltr'><strong>supremum</strong></span> <span class='ocrx_word' id='word_1_25' title='bbox 815 656 938 741; x_wconf 87' lang='lat' dir='ltr'><strong>gloriae</strong></span> <span class='ocrx_word' id='word_1_26' title='bbox 955 653 1118 741; x_wconf 79' lang='lat' dir='ltr'><strong>fastigium</strong></span> 
     </span>
     <span class='ocr_line' id='line_1_5' title="bbox 48 754 1221 843; baseline 0.003 -24"><span class='ocrx_word' id='word_1_27' title='bbox 48 755 255 843; x_wconf 85' lang='lat' dir='ltr'><strong>perveniret.</strong></span> <span class='ocrx_word' id='word_1_28' title='bbox 305 754 370 820; x_wconf 87' lang='lat' dir='ltr'><strong>Sed</strong></span> <span class='ocrx_word' id='word_1_29' title='bbox 385 756 616 843; x_wconf 87' lang='lat' dir='ltr'><strong>pulcherrimo</strong></span> <span class='ocrx_word' id='word_1_30' title='bbox 635 758 669 821; x_wconf 89' lang='lat' dir='ltr'><strong>in</strong></span> <span class='ocrx_word' id='word_1_31' title='bbox 688 757 775 822; x_wconf 90' lang='lat' dir='ltr'><strong>ssore</strong></span> <span class='ocrx_word' id='word_1_32' title='bbox 790 758 952 843; x_wconf 75' lang='lat' dir='ltr'><strong>Origenes</strong></span> <span class='ocrx_word' id='word_1_33' title='bbox 965 757 1120 823; x_wconf 77' lang='lat' dir='ltr'><strong>Alexan·</strong></span> <span class='ocrx_word' id='word_1_34' title='bbox 1196 772 1221 815; x_wconf 87' lang='grc'><strong>’-</strong></span> 
     </span>
     <span class='ocr_line' id='line_1_6' title="bbox 52 854 1119 951; baseline 0.004 -30"><span class='ocrx_word' id='word_1_35' title='bbox 52 856 128 923; x_wconf 81' lang='lat' dir='ltr'><strong>dria</strong></span> <span class='ocrx_word' id='word_1_36' title='bbox 148 854 305 943; x_wconf 74' lang='lat' dir='ltr'><strong>depulsus</strong></span> <span class='ocrx_word' id='word_1_37' title='bbox 326 860 385 937; x_wconf 79' lang='lat' dir='ltr'><strong>eu,</strong></span> <span class='ocrx_word' id='word_1_38' title='bbox 411 859 469 945; x_wconf 90' lang='lat' dir='ltr'><strong>qui</strong></span> <span class='ocrx_word' id='word_1_39' title='bbox 484 858 721 951; x_wconf 88' lang='lat' dir='ltr'><strong>discipulorum</strong></span> <span class='ocrx_word' id='word_1_40' title='bbox 741 858 987 926; x_wconf 81' lang='lat' dir='ltr'><strong>multitudinem</strong></span> <span class='ocrx_word' id='word_1_41' title='bbox 1006 859 1119 925; x_wconf 88' lang='lat' dir='ltr'><strong>secum</strong></span> 
     </span>
    </p>
   </div>
   <div class='ocr_carea' id='block_1_3' title="bbox 10 958 1274 4307">
    <p class='ocr_par' dir='ltr' id='par_1_3' title="bbox 50 958 1121 1251">
     <span class='ocr_line' id='line_1_7' title="bbox 50 958 1118 1048; baseline 0.002 -23"><span class='ocrx_word' id='word_1_42' title='bbox 50 958 156 1025; x_wconf 82' lang='lat' dir='ltr'><strong>traxit</strong></span> <span class='ocrx_word' id='word_1_43' title='bbox 175 958 274 1023; x_wconf 89' lang='lat' dir='ltr'><strong>haud</strong></span> <span class='ocrx_word' id='word_1_44' title='bbox 290 960 462 1047; x_wconf 80' lang='lat' dir='ltr'><strong>exiguam,</strong></span> <span class='ocrx_word' id='word_1_45' title='bbox 504 983 590 1048; x_wconf 82' lang='lat' dir='ltr'><strong>quae</strong></span> <span class='ocrx_word' id='word_1_46' title='bbox 612 962 793 1026; x_wconf 81' lang='lat' dir='ltr'><strong>Caesareae</strong></span> <span class='ocrx_word' id='word_1_47' title='bbox 818 961 923 1026; x_wconf 78' lang='lat' dir='ltr'><strong>indies</strong></span> <span class='ocrx_word' id='word_1_48' title='bbox 942 960 1118 1027; x_wconf 81' lang='lat' dir='ltr'><strong>crescebat.</strong></span> 
     </span>
     <span class='ocr_line' id='line_1_8' title="bbox 50 1062 1120 1150; baseline 0 -23"><span class='ocrx_word' id='word_1_49' title='bbox 50 1062 174 1146; x_wconf 86' lang='lat' dir='ltr'><strong>Neque</strong></span> <span class='ocrx_word' id='word_1_50' title='bbox 189 1074 303 1127; x_wconf 87' lang='lat' dir='ltr'><strong>tamen</strong></span> <span class='ocrx_word' id='word_1_51' title='bbox 318 1062 548 1127; x_wconf 82' lang='lat' dir='ltr'><strong>Alexandriae</strong></span> <span class='ocrx_word' id='word_1_52' title='bbox 570 1064 637 1128; x_wconf 88' lang='lat' dir='ltr'><strong>iam</strong></span> <span class='ocrx_word' id='word_1_53' title='bbox 659 1076 739 1129; x_wconf 89' lang='lat' dir='ltr'><strong>tunc</strong></span> <span class='ocrx_word' id='word_1_54' title='bbox 758 1062 918 1150; x_wconf 79' lang='lat' dir='ltr'><strong>temporie</strong></span> <span class='ocrx_word' id='word_1_55' title='bbox 938 1062 1049 1127; x_wconf 85' lang='lat' dir='ltr'><strong>schola</strong></span> <span class='ocrx_word' id='word_1_56' title='bbox 1062 1083 1120 1127; x_wconf 87' lang='lat' dir='ltr'><strong>ca-</strong></span> 
     </span>
     <span class='ocr_line' id='line_1_9' title="bbox 50 1161 1121 1251; baseline 0.001 -24"><span class='ocrx_word' id='word_1_57' title='bbox 50 1161 214 1228; x_wconf 84' lang='lat' dir='ltr'><strong>techetica</strong></span> <span class='ocrx_word' id='word_1_58' title='bbox 228 1185 272 1227; x_wconf 82' lang='lat' dir='ltr'><strong>ex</strong></span> <span class='ocrx_word' id='word_1_59' title='bbox 291 1161 580 1230; x_wconf 76' lang='lat' dir='ltr'><strong>bistonuevanuit.</strong></span> <span class='ocrx_word' id='word_1_60' title='bbox 630 1164 779 1231; x_wconf 87' lang='lat' dir='ltr'><strong>Omnino</strong></span> <span class='ocrx_word' id='word_1_61' title='bbox 792 1166 926 1251; x_wconf 89' lang='lat' dir='ltr'><strong>quidem</strong></span> <span class='ocrx_word' id='word_1_62' title='bbox 939 1163 982 1229; x_wconf 91' lang='lat' dir='ltr'><strong>ab</strong></span> <span class='ocrx_word' id='word_1_63' title='bbox 999 1164 1053 1229; x_wconf 86' lang='lat' dir='ltr'><strong>itto</strong></span> <span class='ocrx_word' id='word_1_64' title='bbox 1068 1164 1121 1229; x_wconf 92' lang='lat' dir='ltr'><strong>in-</strong></span> 
     </span>
    </p>

    <p class='ocr_par' dir='ltr' id='par_1_4' title="bbox 54 1259 1244 1763">
     <span class='ocr_line' id='line_1_10' title="bbox 54 1259 1225 1357; baseline 0 -28"><span class='ocrx_word' id='word_1_65' title='bbox 54 1265 97 1329; x_wconf 89' lang='lat' dir='ltr'><strong>de</strong></span> <span class='ocrx_word' id='word_1_66' title='bbox 123 1276 278 1352; x_wconf 82' lang='lat' dir='ltr'><strong>tempore</strong></span> <span class='ocrx_word' id='word_1_67' title='bbox 303 1266 499 1352; x_wconf 87' lang='lat' dir='ltr'><strong>pontificum</strong></span> <span class='ocrx_word' id='word_1_68' title='bbox 525 1266 681 1353; x_wconf 83' lang='lat' dir='ltr'><strong>superbie</strong></span> <span class='ocrx_word' id='word_1_69' title='bbox 711 1266 751 1332; x_wconf 89' lang='lat' dir='ltr'><strong>de</strong></span> <span class='ocrx_word' id='word_1_70' title='bbox 771 1267 942 1332; x_wconf 85' lang='lat' dir='ltr'><strong>doctrinae</strong></span> <span class='ocrx_word' id='word_1_71' title='bbox 965 1265 1121 1331; x_wconf 80' lang='lat' dir='ltr'><strong>modestia</strong></span> <span class='ocrx_word' id='word_1_72' title='bbox 1200 1259 1225 1357; x_wconf 26' lang='grc' dir='ltr'>ἰ</span> 
     </span>
     <span class='ocr_line' id='line_1_11' title="bbox 56 1366 1232 1454; baseline 0 -23"><span class='ocrx_word' id='word_1_73' title='bbox 56 1368 166 1454; x_wconf 85' lang='lat' dir='ltr'><strong>coepit</strong></span> <span class='ocrx_word' id='word_1_74' title='bbox 185 1366 412 1453; x_wconf 66' lang='lat' dir='ltr'><strong>triumphare,</strong></span> <span class='ocrx_word' id='word_1_75' title='bbox 449 1368 503 1434; x_wconf 86' lang='lat' dir='ltr'><strong>sed</strong></span> <span class='ocrx_word' id='word_1_76' title='bbox 522 1368 738 1435; x_wconf 81' lang='lat' dir='ltr'><strong>nihilominus</strong></span> <span class='ocrx_word' id='word_1_77' title='bbox 758 1366 1120 1436; x_wconf 82' lang='lat' dir='ltr'><strong>catecheticaesoltolae</strong></span> <span class='ocrx_word' id='word_1_78' title='bbox 1230 1406 1232 1410; x_wconf 68' lang='lat'>,</span> 
     </span>
     <span class='ocr_line' id='line_1_12' title="bbox 55 1465 1244 1559; baseline -0.001 -24"><span class='ocrx_word' id='word_1_79' title='bbox 55 1468 220 1557; x_wconf 80' lang='lat' dir='ltr'><strong>inclytum</strong></span> <span class='ocrx_word' id='word_1_80' title='bbox 239 1465 306 1534; x_wconf 87' lang='lat' dir='ltr'><strong>suit</strong></span> <span class='ocrx_word' id='word_1_81' title='bbox 327 1492 468 1551; x_wconf 87' lang='lat' dir='ltr'><strong>nomen,</strong></span> <span class='ocrx_word' id='word_1_82' title='bbox 500 1470 660 1559; x_wconf 85' lang='lat' dir='ltr'><strong>quamdiu</strong></span> <span class='ocrx_word' id='word_1_83' title='bbox 679 1471 834 1558; x_wconf 81' lang='lat' dir='ltr'><strong>Origenia</strong></span> <span class='ocrx_word' id='word_1_84' title='bbox 855 1470 1004 1559; x_wconf 88' lang='lat' dir='ltr'><strong>discipuli</strong></span> <span class='ocrx_word' id='word_1_85' title='bbox 1022 1482 1122 1556; x_wconf 87' lang='lat' dir='ltr'><strong>atque</strong></span> <span class='ocrx_word' id='word_1_86' title='bbox 1239 1470 1244 1491; x_wconf 79' lang='lat'><strong>&#39;&#39;</strong></span> 
     </span>
     <span class='ocr_line' id='line_1_13' title="bbox 56 1566 1199 1661; baseline 0.002 -27"><span class='ocrx_word' id='word_1_87' title='bbox 56 1570 154 1635; x_wconf 81' lang='lat' dir='ltr'><strong>amici</strong></span> <span class='ocrx_word' id='word_1_88' title='bbox 174 1569 381 1652; x_wconf 79' lang='lat' dir='ltr'><strong>(Heraclea,</strong></span> <span class='ocrx_word' id='word_1_89' title='bbox 405 1572 605 1661; x_wconf 77' lang='lat' dir='ltr'><strong>Dionysius,</strong></span> <span class='ocrx_word' id='word_1_90' title='bbox 628 1574 776 1653; x_wconf 79' lang='lat' dir='ltr'><strong>Pierius,</strong></span> <span class='ocrx_word' id='word_1_91' title='bbox 800 1566 1045 1660; x_wconf 79' lang='lat' dir='ltr'><strong>Theognotlne)</strong></span> <span class='ocrx_word' id='word_1_92' title='bbox 1063 1572 1123 1658; x_wconf 83' lang='lat' dir='ltr'><strong>iptt</strong></span> <span class='ocrx_word' id='word_1_93' title='bbox 1194 1640 1199 1651; x_wconf 71' lang='grc'><em>,</em></span> 
     </span>
     <span class='ocr_line' id='line_1_14' title="bbox 58 1670 1124 1763; baseline -0.002 -24"><span class='ocrx_word' id='word_1_94' title='bbox 58 1670 294 1758; x_wconf 66' lang='lat' dir='ltr'><strong>praefuerunt,</strong></span> <span class='ocrx_word' id='word_1_95' title='bbox 323 1696 528 1762; x_wconf 84' lang='lat' dir='ltr'><strong>quamquam</strong></span> <span class='ocrx_word' id='word_1_96' title='bbox 551 1674 794 1763; x_wconf 78' lang='lat' dir='ltr'><strong>persecutiones</strong></span> <span class='ocrx_word' id='word_1_97' title='bbox 807 1676 903 1740; x_wconf 83' lang='lat' dir='ltr'><strong>Decii</strong></span> <span class='ocrx_word' id='word_1_98' title='bbox 919 1687 952 1741; x_wconf 86' lang='lat' dir='ltr'><strong>et</strong></span> <span class='ocrx_word' id='word_1_99' title='bbox 966 1673 1124 1741; x_wconf 88' lang='lat' dir='ltr'><strong>Valeria-</strong></span> 
     </span>
    </p>

    <p class='ocr_par' dir='ltr' id='par_1_5' title="bbox 18 1773 1196 2879">
     <span class='ocr_line' id='line_1_15' title="bbox 18 1773 1191 1864; baseline 0.001 -25"><span class='ocrx_word' id='word_1_100' title='bbox 18 1788 21 1793; x_wconf 83' lang='lat'>&#39;</span> <span class='ocrx_word' id='word_1_101' title='bbox 59 1773 110 1853; x_wconf 87' lang='lat' dir='ltr'><strong>ni,</strong></span> <span class='ocrx_word' id='word_1_102' title='bbox 131 1795 214 1862; x_wconf 77' lang='lat' dir='ltr'><strong>quoa</strong></span> <span class='ocrx_word' id='word_1_103' title='bbox 226 1774 406 1864; x_wconf 76' lang='lat' dir='ltr'><strong>Dionysius</strong></span> <span class='ocrx_word' id='word_1_104' title='bbox 419 1778 565 1863; x_wconf 78' lang='lat' dir='ltr'><strong>pertulit</strong></span> <span class='ocrx_word' id='word_1_105' title='bbox 589 1798 712 1864; x_wconf 87' lang='lat' dir='ltr'><strong>magno</strong></span> <span class='ocrx_word' id='word_1_106' title='bbox 728 1800 758 1842; x_wconf 85' lang='lat' dir='ltr'><strong>er</strong></span> <span class='ocrx_word' id='word_1_107' title='bbox 749 1776 898 1845; x_wconf 79' lang='lat' dir='ltr'><strong>suerint</strong></span> <span class='ocrx_word' id='word_1_108' title='bbox 911 1776 1123 1841; x_wconf 81' lang='lat' dir='ltr'><strong>detnmento</strong></span> <span class='ocrx_word' id='word_1_109' title='bbox 1187 1780 1191 1785; x_wconf 82' lang='grc'><strong>’</strong></span> 
     </span>
     <span class='ocr_line' id='line_1_16' title="bbox 62 1870 1125 1966; baseline 0.001 -24.005"><span class='ocrx_word' id='word_1_110' title='bbox 62 1874 151 1943; x_wconf 76' lang='lat' dir='ltr'><strong>Ab</strong></span> <span class='ocrx_word' id='word_1_111' title='bbox 140 1890 276 1942; x_wconf 79' lang='lat' dir='ltr'><strong>ineunte</strong></span> <span class='ocrx_word' id='word_1_112' title='bbox 295 1877 406 1943; x_wconf 90' lang='lat' dir='ltr'><strong>seculo</strong></span> <span class='ocrx_word' id='word_1_113' title='bbox 424 1880 486 1946; x_wconf 91' lang='lat' dir='ltr'><strong>IV</strong></span> <span class='ocrx_word' id='word_1_114' title='bbox 512 1892 625 1944; x_wconf 79' lang='lat' dir='ltr'><strong>eutem</strong></span> <span class='ocrx_word' id='word_1_115' title='bbox 643 1870 851 1945; x_wconf 80' lang='lat' dir='ltr'><strong>Alexandria</strong></span> <span class='ocrx_word' id='word_1_116' title='bbox 876 1878 1033 1966; x_wconf 78' lang='lat' dir='ltr'><strong>palaestra</strong></span> <span class='ocrx_word' id='word_1_117' title='bbox 1058 1876 1125 1943; x_wconf 85' lang='lat' dir='ltr'><strong>suit</strong></span> 
     </span>
     <span class='ocr_line' id='line_1_17' title="bbox 64 1976 1124 2066; baseline -0.003 -23"><span class='ocrx_word' id='word_1_118' title='bbox 64 1976 288 2065; x_wconf 81' lang='lat' dir='ltr'><strong>theologorum</strong></span> <span class='ocrx_word' id='word_1_119' title='bbox 303 2002 371 2044; x_wconf 91' lang='grc' dir='ltr'>ιιοιι</span> <span class='ocrx_word' id='word_1_120' title='bbox 387 1993 454 2044; x_wconf 84' lang='lat' dir='ltr'><strong>tarn</strong></span> <span class='ocrx_word' id='word_1_121' title='bbox 470 1981 658 2055; x_wconf 83' lang='lat' dir='ltr'><strong>doctrinae,</strong></span> <span class='ocrx_word' id='word_1_122' title='bbox 682 2002 784 2066; x_wconf 90' lang='lat' dir='ltr'><strong>quam</strong></span> <span class='ocrx_word' id='word_1_123' title='bbox 798 1979 889 2049; x_wconf 82' lang='lat' dir='ltr'><strong>studii</strong></span> <span class='ocrx_word' id='word_1_124' title='bbox 904 1979 1124 2044; x_wconf 78' lang='lat' dir='ltr'><strong>concertatio</strong></span> 
     </span>
     <span class='ocr_line' id='line_1_18' title="bbox 65 2079 1124 2169; baseline -0.001 -24"><span class='ocrx_word' id='word_1_125' title='bbox 65 2079 122 2145; x_wconf 82' lang='lat' dir='ltr'><strong>nia.</strong></span> <span class='ocrx_word' id='word_1_126' title='bbox 168 2081 288 2147; x_wconf 83' lang='lat' dir='ltr'><strong>Petrus</strong></span> <span class='ocrx_word' id='word_1_127' title='bbox 304 2082 440 2169; x_wconf 83' lang='lat' dir='ltr'><strong>Martyr</strong></span> <span class='ocrx_word' id='word_1_128' title='bbox 461 2103 541 2146; x_wconf 89' lang='lat' dir='ltr'><strong>cum</strong></span> <span class='ocrx_word' id='word_1_129' title='bbox 556 2081 692 2148; x_wconf 78' lang='lat' dir='ltr'><strong>Meleno</strong></span> <span class='ocrx_word' id='word_1_130' title='bbox 711 2081 876 2147; x_wconf 84' lang='lat' dir='ltr'><strong>acerrime</strong></span> <span class='ocrx_word' id='word_1_131' title='bbox 889 2079 1124 2166; x_wconf 85' lang='lat' dir='ltr'><strong>pugnavittn</strong></span> <span class='ocrx_word' id='word_1_132' title='bbox 1067 2079 1124 2157; x_wconf 84' lang='lat' dir='ltr'><strong>(in</strong></span> 
     </span>
     <span class='ocr_line' id='line_1_19' title="bbox 66 2178 1126 2274; baseline -0.003 -27"><span class='ocrx_word' id='word_1_133' title='bbox 66 2179 124 2247; x_wconf 87' lang='lat' dir='ltr'><strong>hoc</strong></span> <span class='ocrx_word' id='word_1_134' title='bbox 137 2183 225 2274; x_wconf 79' lang='lat' dir='ltr'><strong>enim</strong></span> <span class='ocrx_word' id='word_1_135' title='bbox 239 2183 456 2263; x_wconf 85' lang='lat' dir='ltr'><strong>consentiunt,</strong></span> <span class='ocrx_word' id='word_1_136' title='bbox 471 2185 623 2271; x_wconf 79' lang='lat' dir='ltr'><strong>quamvis</strong></span> <span class='ocrx_word' id='word_1_137' title='bbox 637 2183 760 2270; x_wconf 88' lang='lat' dir='ltr'><strong>alioqui</strong></span> <span class='ocrx_word' id='word_1_138' title='bbox 774 2181 1001 2261; x_wconf 83' lang='lat' dir='ltr'><strong>dissentientes,</strong></span> <span class='ocrx_word' id='word_1_139' title='bbox 1016 2178 1126 2246; x_wconf 77' lang='lat' dir='ltr'><strong>Athe-</strong></span> 
     </span>
     <span class='ocr_line' id='line_1_20' title="bbox 69 2281 1127 2373; baseline -0.003 -26"><span class='ocrx_word' id='word_1_140' title='bbox 69 2284 187 2364; x_wconf 77' lang='lat' dir='ltr'><strong>natus,</strong></span> <span class='ocrx_word' id='word_1_141' title='bbox 208 2284 443 2351; x_wconf 87' lang='lat' dir='ltr'><strong>Theodoretus</strong></span> <span class='ocrx_word' id='word_1_142' title='bbox 457 2300 489 2351; x_wconf 87' lang='lat' dir='ltr'><strong>et</strong></span> <span class='ocrx_word' id='word_1_143' title='bbox 500 2286 749 2373; x_wconf 81' lang='lat' dir='ltr'><strong>Epiphanius),</strong></span> <span class='ocrx_word' id='word_1_144' title='bbox 774 2283 807 2350; x_wconf 89' lang='lat' dir='ltr'><strong>id</strong></span> <span class='ocrx_word' id='word_1_145' title='bbox 823 2285 912 2371; x_wconf 91' lang='lat' dir='ltr'><strong>quod</strong></span> <span class='ocrx_word' id='word_1_146' title='bbox 932 2282 1064 2349; x_wconf 89' lang='lat' dir='ltr'><strong>scholae</strong></span> <span class='ocrx_word' id='word_1_147' title='bbox 1074 2281 1127 2345; x_wconf 87' lang='lat' dir='ltr'><strong>sa-</strong></span> 
     </span>
     <span class='ocr_line' id='line_1_21' title="bbox 68 2384 1196 2474; baseline -0.001 -26"><span class='ocrx_word' id='word_1_148' title='bbox 68 2384 167 2450; x_wconf 84' lang='lat' dir='ltr'><strong>lutare</strong></span> <span class='ocrx_word' id='word_1_149' title='bbox 176 2385 436 2474; x_wconf 74' lang='lat' dir='ltr'><strong>haudquaquam</strong></span> <span class='ocrx_word' id='word_1_150' title='bbox 451 2387 525 2452; x_wconf 82' lang='lat' dir='ltr'><strong>suit.</strong></span> <span class='ocrx_word' id='word_1_151' title='bbox 573 2388 638 2454; x_wconf 88' lang='lat' dir='ltr'><strong>Sed</strong></span> <span class='ocrx_word' id='word_1_152' title='bbox 653 2388 737 2453; x_wconf 88' lang='lat' dir='ltr'><strong>haec</strong></span> <span class='ocrx_word' id='word_1_153' title='bbox 751 2386 984 2454; x_wconf 87' lang='lat' dir='ltr'><strong>tantummodo</strong></span> <span class='ocrx_word' id='word_1_154' title='bbox 995 2384 1142 2451; x_wconf 81' lang='lat' dir='ltr'><strong>leviora</strong></span> <span class='ocrx_word' id='word_1_155' title='bbox 1183 2408 1196 2425; x_wconf 52' lang='grc' dir='ltr'><strong>ι</strong></span> 
     </span>
     <span class='ocr_line' id='line_1_22' title="bbox 69 2478 1127 2575; baseline -0.001 -25"><span class='ocrx_word' id='word_1_156' title='bbox 69 2486 151 2565; x_wconf 76' lang='lat' dir='ltr'><strong>sunt3</strong></span> <span class='ocrx_word' id='word_1_157' title='bbox 189 2511 269 2553; x_wconf 88' lang='lat' dir='ltr'><strong>nam</strong></span> <span class='ocrx_word' id='word_1_158' title='bbox 293 2488 423 2575; x_wconf 84' lang='lat' dir='ltr'><strong>posthae</strong></span> <span class='ocrx_word' id='word_1_159' title='bbox 446 2495 690 2557; x_wconf 85' lang='lat' dir='ltr'><strong>controversiae</strong></span> <span class='ocrx_word' id='word_1_160' title='bbox 702 2482 851 2557; x_wconf 86' lang='lat' dir='ltr'><strong>Arianae</strong></span> <span class='ocrx_word' id='word_1_161' title='bbox 872 2478 1127 2555; x_wconf 80' lang='lat' dir='ltr'><strong>Alexendrino-</strong></span> 
     </span>
     <span class='ocr_line' id='line_1_23' title="bbox 68 2586 1126 2680; baseline -0.002 -27"><span class='ocrx_word' id='word_1_162' title='bbox 68 2586 147 2655; x_wconf 85' lang='lat' dir='ltr'><strong>rum¹</strong></span> <span class='ocrx_word' id='word_1_163' title='bbox 158 2588 391 2677; x_wconf 79' lang='lat' dir='ltr'><strong>tlreologoium</strong></span> <span class='ocrx_word' id='word_1_164' title='bbox 410 2592 539 2665; x_wconf 86' lang='lat' dir='ltr'><strong>animoa</strong></span> <span class='ocrx_word' id='word_1_165' title='bbox 554 2592 598 2658; x_wconf 88' lang='lat' dir='ltr'><strong>ita</strong></span> <span class='ocrx_word' id='word_1_166' title='bbox 620 2608 796 2680; x_wconf 84' lang='lat' dir='ltr'><strong>ceperunt,</strong></span> <span class='ocrx_word' id='word_1_167' title='bbox 821 2605 858 2657; x_wconf 88' lang='lat' dir='ltr'><strong>ut</strong></span> <span class='ocrx_word' id='word_1_168' title='bbox 873 2592 1019 2663; x_wconf 83' lang='lat' dir='ltr'><strong>scholam</strong></span> <span class='ocrx_word' id='word_1_169' title='bbox 1036 2602 1126 2654; x_wconf 90' lang='lat' dir='ltr'><strong>catc-</strong></span> 
     </span>
     <span class='ocr_line' id='line_1_24' title="bbox 69 2688 1133 2783; baseline -0.003 -28"><span class='ocrx_word' id='word_1_170' title='bbox 69 2688 222 2756; x_wconf 84' lang='lat' dir='ltr'><strong>cltetioam</strong></span> <span class='ocrx_word' id='word_1_171' title='bbox 236 2691 310 2756; x_wconf 87' lang='lat' dir='ltr'><strong>fere</strong></span> <span class='ocrx_word' id='word_1_172' title='bbox 325 2694 406 2758; x_wconf 87' lang='lat' dir='ltr'><strong>nihil</strong></span> <span class='ocrx_word' id='word_1_173' title='bbox 421 2707 588 2760; x_wconf 85' lang='lat' dir='ltr'><strong>curarent.</strong></span> <span class='ocrx_word' id='word_1_174' title='bbox 639 2696 710 2782; x_wconf 89' lang='lat' dir='ltr'><strong>lpse</strong></span> <span class='ocrx_word' id='word_1_175' title='bbox 726 2694 863 2782; x_wconf 81' lang='lat' dir='ltr'><strong>quidem·</strong></span> <span class='ocrx_word' id='word_1_176' title='bbox 874 2692 978 2760; x_wconf 86' lang='lat' dir='ltr'><strong>Arius</strong></span> <span class='ocrx_word' id='word_1_177' title='bbox 997 2691 1133 2783; x_wconf 61' lang='lat' dir='ltr'><strong>scholae¹</strong></span> 
     </span>
     <span class='ocr_line' id='line_1_25' title="bbox 68 2792 1125 2879; baseline -0.002 -22"><span class='ocrx_word' id='word_1_178' title='bbox 68 2792 248 2879; x_wconf 72' lang='lat' dir='ltr'><strong>praelectus</strong></span> <span class='ocrx_word' id='word_1_179' title='bbox 272 2817 293 2857; x_wconf 86' lang='lat' dir='ltr'><strong>a</strong></span> <span class='ocrx_word' id='word_1_180' title='bbox 315 2796 485 2860; x_wconf 79' lang='lat' dir='ltr'><strong>nonnullis</strong></span> <span class='ocrx_word' id='word_1_181' title='bbox 506 2796 717 2877; x_wconf 64' lang='lat' dir='ltr'><strong>nominatum</strong></span> <span class='ocrx_word' id='word_1_182' title='bbox 745 2796 799 2860; x_wconf 90' lang='lat' dir='ltr'><strong>sed</strong></span> <span class='ocrx_word' id='word_1_183' title='bbox 814 2798 868 2861; x_wconf 85' lang='lat' dir='ltr'><strong>iste</strong></span> <span class='ocrx_word' id='word_1_184' title='bbox 880 2800 904 2860; x_wconf 84' lang='lat' dir='ltr'><strong>st</strong></span> <span class='ocrx_word' id='word_1_185' title='bbox 916 2792 1037 2858; x_wconf 81' lang='lat' dir='ltr'><strong>revera</strong></span> <span class='ocrx_word' id='word_1_186' title='bbox 1053 2814 1125 2857; x_wconf 87' lang='lat' dir='ltr'><strong>earn</strong></span> 
     </span>
    </p>

    <p class='ocr_par' dir='ltr' id='par_1_6' title="bbox 10 2887 1206 3195">
     <span class='ocr_line' id='line_1_26' title="bbox 10 2887 1129 2983; baseline -0.003 -24"><span class='ocrx_word' id='word_1_187' title='bbox 10 2910 12 2915; x_wconf 84' lang='lat'>&#39;</span> <span class='ocrx_word' id='word_1_188' title='bbox 68 2895 166 2971; x_wconf 84' lang='lat' dir='ltr'><strong>rexit,</strong></span> <span class='ocrx_word' id='word_1_189' title='bbox 186 2917 248 2983; x_wconf 86' lang='lat' dir='ltr'><strong>per</strong></span> <span class='ocrx_word' id='word_1_190' title='bbox 265 2918 390 2983; x_wconf 79' lang='lat' dir='ltr'><strong>paucos</strong></span> <span class='ocrx_word' id='word_1_191' title='bbox 402 2887 636 2964; x_wconf 79' lang='lat' dir='ltr'><strong>tat&#39;ttutnmodo</strong></span> <span class='ocrx_word' id='word_1_192' title='bbox 650 2921 755 2964; x_wconf 81' lang='lat' dir='ltr'><strong>annos</strong></span> <span class='ocrx_word' id='word_1_193' title='bbox 769 2899 866 2978; x_wconf 80' lang='lat' dir='ltr'><strong>rexit,</strong></span> <span class='ocrx_word' id='word_1_194' title='bbox 892 2895 1012 2982; x_wconf 75' lang='lat' dir='ltr'><strong>quibua</strong></span> <span class='ocrx_word' id='word_1_195' title='bbox 1027 2916 1129 2982; x_wconf 88' lang='lat' dir='ltr'><strong>prae-</strong></span> 
     </span>
     <span class='ocr_line' id='line_1_27' title="bbox 65 2996 1128 3084; baseline -0.002 -24"><span class='ocrx_word' id='word_1_196' title='bbox 65 2996 207 3084; x_wconf 74' lang='lat' dir='ltr'><strong>terlapsrq</strong></span> <span class='ocrx_word' id='word_1_197' title='bbox 223 2997 268 3061; x_wconf 89' lang='lat' dir='ltr'><strong>ab</strong></span> <span class='ocrx_word' id='word_1_198' title='bbox 281 3020 310 3062; x_wconf 86' lang='lat' dir='ltr'><strong>a.</strong></span> <span class='ocrx_word' id='word_1_199' title='bbox 324 3001 490 3067; x_wconf 82' lang='lat' dir='ltr'><strong>CCCXX.</strong></span> <span class='ocrx_word' id='word_1_200' title='bbox 498 3000 540 3063; x_wconf 88' lang='lat' dir='ltr'><strong>ad</strong></span> <span class='ocrx_word' id='word_1_201' title='bbox 554 3000 754 3067; x_wconf 84' lang='lat' dir='ltr'><strong>CCCXXX.</strong></span> <span class='ocrx_word' id='word_1_202' title='bbox 766 3022 866 3065; x_wconf 86' lang='lat' dir='ltr'><strong>neme</strong></span> <span class='ocrx_word' id='word_1_203' title='bbox 880 2998 1011 3063; x_wconf 85' lang='lat' dir='ltr'><strong>scholae</strong></span> <span class='ocrx_word' id='word_1_204' title='bbox 1027 3018 1128 3084; x_wconf 89' lang='lat' dir='ltr'><strong>prae-</strong></span> 
     </span>
     <span class='ocr_line' id='line_1_28' title="bbox 67 3088 1206 3195; baseline 0 -34"><span class='ocrx_word' id='word_1_205' title='bbox 67 3096 168 3164; x_wconf 84' lang='lat' dir='ltr'><strong>l&#39;ectua</strong></span> <span class='ocrx_word' id='word_1_206' title='bbox 184 3114 489 3182; x_wconf 80' lang='lat' dir='ltr'><strong>commemoratur,</strong></span> <span class='ocrx_word' id='word_1_207' title='bbox 519 3088 587 3168; x_wconf 81' lang='lat' dir='ltr'><strong>stne</strong></span> <span class='ocrx_word' id='word_1_208' title='bbox 600 3100 705 3168; x_wconf 87' lang='lat' dir='ltr'><strong>dubio</strong></span> <span class='ocrx_word' id='word_1_209' title='bbox 718 3104 795 3189; x_wconf 90' lang='lat' dir='ltr'><strong>quia</strong></span> <span class='ocrx_word' id='word_1_210' title='bbox 805 3101 852 3165; x_wconf 63' lang='lat' dir='ltr'><strong>‘ob</strong></span> <span class='ocrx_word' id='word_1_211' title='bbox 866 3101 981 3166; x_wconf 82' lang='lat' dir='ltr'><strong>turbes</strong></span> <span class='ocrx_word' id='word_1_212' title='bbox 998 3098 1130 3164; x_wconf 87' lang='lat' dir='ltr'><strong>tltcolo-</strong></span> <span class='ocrx_word' id='word_1_213' title='bbox 1202 3184 1206 3195; x_wconf 38' lang='grc' dir='ltr'>Ι</span> 
     </span>
    </p>

    <p class='ocr_par' dir='ltr' id='par_1_7' title="bbox 10 3200 1176 3291">
     <span class='ocr_line' id='line_1_29' title="bbox 10 3200 1176 3291; baseline -0.002 -26"><span class='ocrx_word' id='word_1_214' title='bbox 10 3262 12 3281; x_wconf 82' lang='grc'>,</span> <span class='ocrx_word' id='word_1_215' title='bbox 66 3200 476 3291; x_wconf 69' lang='lat' dir='ltr'><strong>gicae&#39;uequeepiscopue‚</strong></span> <span class='ocrx_word' id='word_1_216' title='bbox 505 3226 616 3291; x_wconf 85' lang='lat' dir='ltr'><strong>nequo</strong></span> <span class='ocrx_word' id='word_1_217' title='bbox 631 3204 750 3285; x_wconf 84' lang='lat' dir='ltr'><strong>Arina,</strong></span> <span class='ocrx_word' id='word_1_218' title='bbox 783 3226 892 3290; x_wconf 88' lang='lat' dir='ltr'><strong>neque</strong></span> <span class='ocrx_word' id='word_1_219' title='bbox 911 3201 1130 3290; x_wconf 82' lang='lat' dir='ltr'><strong>presbytero·</strong></span> <span class='ocrx_word' id='word_1_220' title='bbox 1170 3228 1176 3249; x_wconf 69' lang='grc' dir='ltr'><strong>ι</strong></span> 
     </span>
    </p>

    <p class='ocr_par' dir='ltr' id='par_1_8' title="bbox 10 3303 1130 3392">
     <span class='ocr_line' id='line_1_30' title="bbox 10 3303 1130 3392; baseline 0.001 -26"><span class='ocrx_word' id='word_1_221' title='bbox 10 3338 13 3391; x_wconf 71' lang='lat'>3</span> <span class='ocrx_word' id='word_1_222' title='bbox 67 3324 139 3367; x_wconf 88' lang='lat' dir='ltr'><strong>rutn</strong></span> <span class='ocrx_word' id='word_1_223' title='bbox 155 3303 240 3369; x_wconf 83' lang='lat' dir='ltr'><strong>aliua</strong></span> <span class='ocrx_word' id='word_1_224' title='bbox 258 3307 436 3392; x_wconf 80' lang='lat' dir='ltr'><strong>quisquam</strong></span> <span class='ocrx_word' id='word_1_225' title='bbox 453 3305 600 3371; x_wconf 90' lang='lat' dir='ltr'><strong>scholam</strong></span> <span class='ocrx_word' id='word_1_226' title='bbox 621 3306 760 3371; x_wconf 76' lang='lat' dir='ltr'><strong>curarit.</strong></span> <span class='ocrx_word' id='word_1_227' title='bbox 812 3307 927 3391; x_wconf 89' lang='lat' dir='ltr'><strong>ltaque</strong></span> <span class='ocrx_word' id='word_1_228' title='bbox 944 3319 1025 3370; x_wconf 90' lang='lat' dir='ltr'><strong>tunc</strong></span> <span class='ocrx_word' id='word_1_229' title='bbox 1043 3317 1130 3368; x_wconf 88' lang='lat' dir='ltr'><strong>tem-</strong></span> 
     </span>
    </p>

    <p class='ocr_par' dir='ltr' id='par_1_9' title="bbox 10 3398 1274 3801">
     <span class='ocr_line' id='line_1_31' title="bbox 10 3398 1274 3495; baseline -0.002 -28"><span class='ocrx_word' id='word_1_230' title='bbox 10 3398 12 3405; x_wconf 71' lang='grc'><strong>’</strong></span> <span class='ocrx_word' id='word_1_231' title='bbox 66 3404 152 3489; x_wconf 75' lang='lat' dir='ltr'><strong>poris</strong></span> <span class='ocrx_word' id='word_1_232' title='bbox 168 3406 303 3472; x_wconf 85' lang='lat' dir='ltr'><strong>tertium</strong></span> <span class='ocrx_word' id='word_1_233' title='bbox 325 3406 437 3472; x_wconf 87' lang='lat' dir='ltr'><strong>schola</strong></span> <span class='ocrx_word' id='word_1_234' title='bbox 458 3408 656 3474; x_wconf 85' lang='lat' dir='ltr'><strong>catechetica</strong></span> <span class='ocrx_word' id='word_1_235' title='bbox 675 3407 718 3471; x_wconf 87' lang='lat' dir='ltr'><strong>ab</strong></span> <span class='ocrx_word' id='word_1_236' title='bbox 737 3408 872 3473; x_wconf 87' lang='lat' dir='ltr'><strong>interitu</strong></span> <span class='ocrx_word' id='word_1_237' title='bbox 892 3408 1047 3494; x_wconf 79' lang='lat' dir='ltr'><strong>proxime</strong></span> <span class='ocrx_word' id='word_1_238' title='bbox 1069 3403 1130 3468; x_wconf 76' lang='lat' dir='ltr'><strong>alt-</strong></span> <span class='ocrx_word' id='word_1_239' title='bbox 1189 3488 1192 3495; x_wconf 33' lang='grc' dir='ltr'>Ι</span> <span class='ocrx_word' id='word_1_240' title='bbox 1270 3416 1274 3423; x_wconf 88' lang='grc'>’</span> 
     </span>
     <span class='ocr_line' id='line_1_32' title="bbox 67 3504 1130 3586; baseline 0.001 -19"><span class='ocrx_word' id='word_1_241' title='bbox 67 3504 144 3586; x_wconf 87' lang='lat' dir='ltr'><strong>luit,</strong></span> <span class='ocrx_word' id='word_1_242' title='bbox 174 3507 227 3571; x_wconf 84' lang='lat' dir='ltr'><strong>sed</strong></span> <span class='ocrx_word' id='word_1_243' title='bbox 238 3509 399 3573; x_wconf 89' lang='lat' dir='ltr'><strong>nondum</strong></span> <span class='ocrx_word' id='word_1_244' title='bbox 418 3509 551 3575; x_wconf 87' lang='lat' dir='ltr'><strong>interiit.</strong></span> <span class='ocrx_word' id='word_1_245' title='bbox 599 3512 733 3579; x_wconf 89' lang='lat' dir='ltr'><strong>Verum</strong></span> <span class='ocrx_word' id='word_1_246' title='bbox 747 3509 918 3576; x_wconf 80' lang='lat' dir='ltr'><strong>Macarius</strong></span> <span class='ocrx_word' id='word_1_247' title='bbox 932 3510 959 3575; x_wconf 84' lang='lat' dir='ltr'><strong>is</strong></span> <span class='ocrx_word' id='word_1_248' title='bbox 974 3532 1041 3572; x_wconf 91' lang='lat' dir='ltr'><strong>non</strong></span> <span class='ocrx_word' id='word_1_249' title='bbox 1057 3504 1130 3583; x_wconf 82' lang='lat' dir='ltr'><strong>fuit,</strong></span> 
     </span>
     <span class='ocr_line' id='line_1_33' title="bbox 67 3606 1140 3699; baseline -0.004 -27"><span class='ocrx_word' id='word_1_250' title='bbox 67 3608 120 3695; x_wconf 88' lang='lat' dir='ltr'><strong>qui</strong></span> <span class='ocrx_word' id='word_1_251' title='bbox 135 3608 262 3674; x_wconf 85' lang='lat' dir='ltr'><strong>recenti</strong></span> <span class='ocrx_word' id='word_1_252' title='bbox 280 3610 386 3695; x_wconf 82' lang='lat' dir='ltr'><strong>glorie</strong></span> <span class='ocrx_word' id='word_1_253' title='bbox 409 3634 484 3676; x_wconf 87' lang='lat' dir='ltr'><strong>eam</strong></span> <span class='ocrx_word' id='word_1_254' title='bbox 504 3612 663 3689; x_wconf 86' lang='lat' dir='ltr'><strong>ornasset,</strong></span> <span class='ocrx_word' id='word_1_255' title='bbox 704 3632 789 3699; x_wconf 84' lang='lat' dir='ltr'><strong>quae</strong></span> <span class='ocrx_word' id='word_1_256' title='bbox 814 3612 933 3677; x_wconf 90' lang='lat' dir='ltr'><strong>morbo</strong></span> <span class='ocrx_word' id='word_1_257' title='bbox 955 3606 1140 3675; x_wconf 77' lang='lat' dir='ltr'><strong>rnortisero‘</strong></span> 
     </span>
     <span class='ocr_line' id='line_1_34' title="bbox 66 3708 1130 3801; baseline -0.004 -28"><span class='ocrx_word' id='word_1_258' title='bbox 66 3713 220 3798; x_wconf 80' lang='lat' dir='ltr'><strong>oppressa</strong></span> <span class='ocrx_word' id='word_1_259' title='bbox 236 3708 305 3777; x_wconf 86' lang='lat' dir='ltr'><strong>sato</strong></span> <span class='ocrx_word' id='word_1_260' title='bbox 328 3710 564 3791; x_wconf 80' lang='lat' dir='ltr'><strong>succubuisset,</strong></span> <span class='ocrx_word' id='word_1_261' title='bbox 598 3713 808 3801; x_wconf 77' lang='lat' dir='ltr'><strong>liDitlymns</strong></span> <span class='ocrx_word' id='word_1_262' title='bbox 829 3737 895 3780; x_wconf 92' lang='lat' dir='ltr'><strong>non</strong></span> <span class='ocrx_word' id='word_1_263' title='bbox 912 3708 1130 3778; x_wconf 84' lang='lat' dir='ltr'><strong>succurrisset.</strong></span> 
     </span>
    </p>

    <p class='ocr_par' dir='ltr' id='par_1_10' title="bbox 23 3802 1252 3905">
     <span class='ocr_line' id='line_1_35' title="bbox 23 3802 1252 3905; baseline -0.011 -22"><span class='ocrx_word' id='word_1_264' title='bbox 23 3874 26 3883; x_wconf 91' lang='lat'><em>.</em></span> <span class='ocrx_word' id='word_1_265' title='bbox 64 3812 200 3880; x_wconf 77' lang='lat' dir='ltr'><strong>tamtam</strong></span> <span class='ocrx_word' id='word_1_266' title='bbox 221 3831 363 3900; x_wconf 84' lang='lat' dir='ltr'><strong>repente</strong></span> <span class='ocrx_word' id='word_1_267' title='bbox 381 3815 492 3881; x_wconf 89' lang='lat' dir='ltr'><strong>denuo</strong></span> <span class='ocrx_word' id='word_1_268' title='bbox 513 3814 686 3882; x_wconf 88' lang='lat' dir='ltr'><strong>efflorescit</strong></span> <span class='ocrx_word' id='word_1_269' title='bbox 702 3817 834 3903; x_wconf 80' lang='lat' dir='ltr'><strong>pristina</strong></span> <span class='ocrx_word' id='word_1_270' title='bbox 854 3816 961 3902; x_wconf 84' lang='lat' dir='ltr'><strong>gloria</strong></span> <span class='ocrx_word' id='word_1_271' title='bbox 982 3808 1154 3898; x_wconf 64' lang='lat' dir='ltr'><strong>pristim·</strong></span> <span class='ocrx_word' id='word_1_272' title='bbox 1188 3866 1198 3905; x_wconf 90' lang='lat'><strong>·.</strong></span> <span class='ocrx_word' id='word_1_273' title='bbox 1249 3802 1252 3811; x_wconf 79' lang='lat'>&#39;</span> 
     </span>
    </p>

    <p class='ocr_par' dir='ltr' id='par_1_11' title="bbox 22 3910 1133 4211">
     <span class='ocr_line' id='line_1_36' title="bbox 22 3910 1133 4011; baseline -0.005 -31"><span class='ocrx_word' id='word_1_274' title='bbox 22 3930 30 3941; x_wconf 84' lang='lat'><strong>·&#39;</strong></span> <span class='ocrx_word' id='word_1_275' title='bbox 64 3936 127 4001; x_wconf 87' lang='lat' dir='ltr'><strong>qne</strong></span> <span class='ocrx_word' id='word_1_276' title='bbox 144 3915 316 4011; x_wconf 80' lang='lat' dir='ltr'><strong>doctripa3</strong></span> <span class='ocrx_word' id='word_1_277' title='bbox 337 3917 634 3983; x_wconf 81' lang='lat' dir='ltr'><strong>sedsloaillemox</strong></span> <span class='ocrx_word' id='word_1_278' title='bbox 649 3918 912 3987; x_wconf 82' lang='lat' dir='ltr'><strong>marcescebat.</strong></span> <span class='ocrx_word' id='word_1_279' title='bbox 932 3911 1053 3980; x_wconf 79' lang='lat' dir='ltr'><strong>ltltodo</strong></span> <span class='ocrx_word' id='word_1_280' title='bbox 1074 3910 1133 3975; x_wconf 89' lang='lat' dir='ltr'><strong>de-</strong></span> 
     </span>
     <span class='ocr_line' id='line_1_37' title="bbox 60 4013 1133 4131; baseline -0.004 -49.996"><span class='ocrx_word' id='word_1_281' title='bbox 60 4016 207 4131; x_wconf 62' lang='lat' dir='ltr'><strong>sprevit</strong></span> <span class='ocrx_word' id='word_1_282' title='bbox 219 4017 261 4083; x_wconf 90' lang='lat' dir='ltr'><strong>de</strong></span> <span class='ocrx_word' id='word_1_283' title='bbox 279 4018 480 4086; x_wconf 76' lang='lat' dir='ltr'><strong>restituenda·</strong></span> <span class='ocrx_word' id='word_1_284' title='bbox 488 4041 551 4107; x_wconf 89' lang='lat' dir='ltr'><strong>per</strong></span> <span class='ocrx_word' id='word_1_285' title='bbox 565 4020 774 4109; x_wconf 86' lang='lat' dir='ltr'><strong>semetipsum</strong></span> <span class='ocrx_word' id='word_1_286' title='bbox 793 4018 904 4085; x_wconf 86' lang='lat' dir='ltr'><strong>schola</strong></span> <span class='ocrx_word' id='word_1_287' title='bbox 923 4013 1133 4094; x_wconf 82' lang='lat' dir='ltr'><strong>catccltetica,</strong></span> 
     </span>
     <span class='ocr_line' id='line_1_38' title="bbox 25 4110 1059 4211; baseline -0.006 -24.788"><span class='ocrx_word' id='word_1_288' title='bbox 25 4110 157 4186; x_wconf 78' lang='lat' dir='ltr'><strong>&#39;cuiue</strong></span> <span class='ocrx_word' id='word_1_289' title='bbox 170 4142 240 4185; x_wconf 87' lang='lat' dir='ltr'><strong>una</strong></span> <span class='ocrx_word' id='word_1_290' title='bbox 256 4144 335 4185; x_wconf 89' lang='lat' dir='ltr'><strong>cum</strong></span> <span class='ocrx_word' id='word_1_291' title='bbox 346 4122 496 4211; x_wconf 85' lang='lat' dir='ltr'><strong>Didymo</strong></span> <span class='ocrx_word' id='word_1_292' title='bbox 510 4123 640 4209; x_wconf 88' lang='lat' dir='ltr'><strong>gloria</strong></span> <span class='ocrx_word' id='word_1_293' title='bbox 629 4146 666 4189; x_wconf 91' lang='grc' dir='ltr'><strong>ιιι</strong></span> <span class='ocrx_word' id='word_1_294' title='bbox 678 4122 916 4209; x_wconf 83' lang='lat' dir='ltr'><strong>sempiternum</strong></span> <span class='ocrx_word' id='word_1_295' title='bbox 933 4116 1059 4181; x_wconf 88' lang='lat' dir='ltr'><strong>cecidit.</strong></span> 
     </span>
    </p>

    <p class='ocr_par' dir='ltr' id='par_1_12' title="bbox 160 4218 1261 4307">
     <span class='ocr_line' id='line_1_39' title="bbox 160 4218 1261 4307; baseline -0.011 -18"><span class='ocrx_word' id='word_1_296' title='bbox 160 4223 218 4289; x_wconf 88' lang='lat' dir='ltr'><strong>De</strong></span> <span class='ocrx_word' id='word_1_297' title='bbox 243 4224 379 4291; x_wconf 84' lang='lat' dir='ltr'><strong>interitu</strong></span> <span class='ocrx_word' id='word_1_298' title='bbox 407 4224 538 4290; x_wconf 82' lang='lat' dir='ltr'><strong>scholae</strong></span> <span class='ocrx_word' id='word_1_299' title='bbox 563 4225 782 4295; x_wconf 83' lang='lat' dir='ltr'><strong>eatecltoticae</strong></span> <span class='ocrx_word' id='word_1_300' title='bbox 811 4223 934 4287; x_wconf 82' lang='lat' dir='ltr'><strong>haecce</strong></span> <span class='ocrx_word' id='word_1_301' title='bbox 963 4235 1131 4307; x_wconf 77' lang='lat' dir='ltr'><strong>perpauca</strong></span> <span class='ocrx_word' id='word_1_302' title='bbox 1246 4218 1261 4249; x_wconf 72' lang='lat'>⁸</span> 
     </span>
    </p>
   </div>
   <div class='ocr_carea' id='block_1_4' title="bbox 829 4348 897 4411">
    <p class='ocr_par' dir='ltr' id='par_1_13' title="bbox 829 4348 897 4411">
     <span class='ocr_line' id='line_1_40' title="bbox 829 4348 897 4411; baseline 0 0"><span class='ocrx_word' id='word_1_303' title='bbox 829 4400 831 4405; x_wconf 68' lang='lat'>,</span> <span class='ocrx_word' id='word_1_304' title='bbox 877 4348 897 4411; x_wconf 69' lang='lat' dir='ltr'><strong>‘d</strong></span> 
     </span>
    </p>
   </div>
   <div class='ocr_carea' id='block_1_5' title="bbox 0 0 1311 4770">
    <p class='ocr_par' dir='ltr' id='par_1_14' title="bbox 0 0 1311 4770">
     <span class='ocr_line' id='line_1_41' title="bbox 0 0 1311 4770; baseline 0 0"><span class='ocrx_word' id='word_1_305' title='bbox 0 0 1311 4770; x_wconf 95' lang='lat' dir='ltr'><strong> </strong></span> 
     </span>
    </p>
   </div>
  </div>
 </body>
</html>
