2572 4770
87 294 93 301 ,
133 246 183 322 6⁴
453 222 543 337 bap,
560 243 613 313 Il.
636 204 920 317 flemmarum

129 428 216 515 apuu
231 424 360 488 fratrem
375 418 494 511 Ioseph
506 423 540 487 in
553 422 713 511 Aegypto.
728 475 759 493 ..
800 423 977 490 Multorum
989 444 1066 508 ergo
1079 424 1245 496 malorum

130 528 250 594 occasio
264 528 328 604 est,
351 525 459 613 siquis
477 525 693 611 inscripturus
708 548 801 591 carne
818 539 1013 614 permaneat.
1031 572 1065 591 ..
1096 523 1245 611 ,Quam-

129 632 242 695 obrem
253 627 396 713 spiritum
408 627 577 712 scripturae
589 629 772 714 fructusque
788 649 979 714 quaeramus
988 619 1010 708 ,’
1024 627 1092 714 ιιιιίἱ
1103 626 1261 719 non-61⁴,

129 744 246 817 cuntur
256 729 415 801 manifesti
425 740 519 808 „ete
562 727 674 813 Itaque
689 730 722 790 in
736 729 833 791 Musis
849 729 921 808 lege
937 749 979 791 ex
995 727 1148 809 Origenis
1164 731 1244 794 sen-

20 835 32 843 ‘
129 834 231 899 tentia
247 832 349 893 multa
368 832 457 908 suut,
478 818 569 916 ¹quae
585 828 703 890 literali
722 830 812 891 sensu
833 841 960 916 accepta
980 831 1102 895 nullam
1118 832 1242 896 babent

126 934 260 1012 'set-iem,
287 931 408 994 nullam
429 929 703 1014 consequentiam,
729 926 784 991 sed
804 930 911 1014 potius
931 930 1136 1015 impossibilia
1154 934 1241 1014 sunt,

59 1030 63 1035 ’
83 1079 89 1092 .
129 1035 248 1103 rationi
261 1030 431 1103 contraria,
458 1027 530 1092 Deo
550 1028 680 1110 indigna
698 1041 730 1093 et
743 1031 868 1111 legibus
882 1051 971 1094 mere
985 1032 1135 1097 humanis
1149 1034 1243 1098 inse-

128 1140 224 1204 riora.
269 1127 407 1212 Quade
425 1148 477 1191 re:
506 1127 570 1191 ”Si
590 1126 826 1209 assideamus„,
852 1131 957 1216 inquit
979 1133 1092 1198 homil.
1110 1132 1184 1200 vlt.
1202 1134 1240 1199 in

127 1238 239 1309 Lavit.
252 1238 277 1318 l.
293 1242 320 1298 6.
348 1230 412 1294 vol.
427 1229 471 1309 Π,
486 1241 566 1309 226,
592 1229 730 1292 ”literae
748 1240 781 1292 et
801 1228 975 1294 secuudum
995 1234 1058 1298 hoc
1075 1236 1131 1298 vel
1149 1231 1241 1323 quod

128 1337 278 1413 ludaeis,
304 1333 359 1397 vel
376 1330 410 1392 id
426 1328 512 1417 quod
532 1333 631 1410 vulgo
649 1329 794 1411 videtur,
815 1331 1007 1416 accipiamus
1024 1337 1153 1420 quaein
1166 1337 1241 1418 lege

128 1441 240 1527 scripta
252 1437 339 1514 sunt,
361 1433 508 1495 erubesco
522 1429 625 1495 dicere
639 1442 671 1494 et
684 1430 844 1511 confiteri,
873 1433 947 1518 quia
969 1436 1050 1499 tales
1067 1438 1157 1517 leges
1175 1435 1241 1505 de·

129 1540 213 1606 derit
227 1537 327 1601 Deus.
370 1531 576 1600 Videbuntnr
592 1533 679 1596 enim
692 1533 795 1614 magis
810 1533 972 1614 elegantes
986 1545 1019 1597 et
1032 1536 1241 1602 rationabiles

127 1641 299 1708 hominum
320 1640 425 1718 leges,
461 1656 493 1698 v.
516 1657 541 1698 c.
559 1634 613 1696 vel
630 1632 867 1713 Romanorum,
903 1634 957 1697 vel
976 1632 1241 1720 Atheniensium,

126 1736 558 1814 relsacedaemoniorum,
600 1734 646 1798 ct.
662 1756 687 1797 r.
697 1733 775 1799 Cels.
787 1733 861 1811 Vll
877 1747 926 1800 20.
941 1747 980 1801 21
995 1737 1059 1800 vol.
1071 1734 1097 1815 Ι,
1115 1749 1178 1806 708
1190 1741 1237 1828 sq

126 1854 161 1907 et
173 1842 284 1905 homrl
294 1837 360 1917 ‚XL
374 1839 440 1904 21n
457 1834 560 1899 Exod
573 1835 637 1896 vol
651 1833 694 1912 ΙΙ,
712 1847 789 1912 169,
810 1835 914 1895 ubiz'
916 1833 969 1898 sr
984 1857 1056 1920 qurs
1068 1839 1147 1919 est
1149 1839 1240 1918 ,in-

86 1990 89 1995 >
126 1943 250 2032 quit,’
252 1944 323 2026 ’qur
313 1941 448 2019 legens
460 1935 582 2000 Mosem
594 1947 772 1998 murmurat
782 1933 931 2000 adversus
945 1956 1038 2018 eum,
1066 1950 1101 2002 et
1117 1886 1240 2028 displi-

127 2045 222 2109 ceter
235 2044 306 2121 lex
331 2059 412 2126 quae
426 2035 600 2100 secundum
613 2022 737 2099 literam
751 2036 861 2121 scrrpta
877 2038 939 2116 est,
968 2038 1055 2124 quod
1072 2041 1266 2110 inmultis.

126 2130 192 2212 non
206 2090 335 2207 videtirr
349 2142 473 2202 servare
486 2137 759 2222 consequentiam,
786 2134 922 2198 ostendit
938 2157 967 2200 er
959 2137 1087 2215 Moses
1098 2157 1239 2230 petrum,

124 2249 211 2335 ajune
224 2249 269 2307 est
286 2241 442 2317 Christus,
469 2250 502 2300 et
520 2236 649 2300 adducit
665 2259 740 2300 eum
757 2235 929 2322 adipsum,
958 2249 994 2300 ut
1006 2241 1084 2307 inde
1098 2245 1187 2310 bibat
1203 2259 1239 2311 et

124 2347 247 2412 reficiat
260 2343 343 2406 sitim
356 2342 452 2402 suam.
463 2384 483 2417 „
525 2335 648 2400 Eadem
663 2338 815 2426 principia
829 2336 870 2401 ad
882 2340 1021 2425 plurima
1030 2343 1072 2408 V.
1081 2343 1119 2410 Τ.
1135 2368 1238 2435 prae-

126 2456 216 2531 cepta
238 2445 277 2505 ab
292 2441 433 2520 Origene
453 2437 740 2503 accommodantur.
789 2438 837 2502 Ita
853 2438 893 2502 de
908 2441 1004 2525 princ.
1018 2442 1078 2523 lv,
1093 2459 1143 2513 17.
1166 2451 1235 2518 vol

101 2616 103 2621 ,
123 2545 152 2627 I,
170 2558 246 2612 176:
280 2533 355 2604 Ἔάι
375 2536 411 2603 δὲ
430 2533 640 2624 accinitur
661 2535 867 2619 νομοθεσίαν
889 2532 1043 2623 ἔλθωμεν
1063 2564 1126 2611 sou
1109 2544 1238 2612 Μω-

124 2640 230 2720 σ,έιιις
256 2639 379 2706 πολλοὶ
397 2638 461 2703 τῶν
478 2631 587 2719 νόμων
607 2640 654 2722 aas
675 2633 755 2703 door
774 2635 833 2705 sni
849 2643 898 2728 τῷ
919 2636 995 2707 aad?
1015 2635 1157 2723 sumone
1170 2670 1236 2735 sq-

122 2746 278 2832 ρεῖσθαι,
312 2740 352 2807 τὸ
376 2729 496 2826 iiloyor
521 2734 756 2824 ἐμφαίνουσιν,
789 2735 902 2827 ἕτεροι
932 2743 970 2811 di
992 2766 1032 2809 ao
1057 2736 1232 2817 ἀδύνατοι.

123 2842 173 2911 (is
200 2845 312 2909 homil.
334 2835 393 2923 IV,
419 2856 437 2908 7
463 2843 498 2906 in
518 2840 623 2904 Levit.
651 2843 715 2906 vol
733 2842 777 2922 ΙΙ,
796 2857 875 2912 tos:
912 2842 1155 2913 ”Redeundum
1185 2852 1232 2915 est

120 2949 214 3010 nobie
232 2944 273 3009 ad
293 2945 506 3030 expositiones
527 2943 698 3022 evangelii,
729 2958 765 3006 ut
787 2947 919 3011 lexs
860 2970 902 3033 po
904 2950 953 3011 ssit
974 2949 1122 3030 intelligi.
1163 2950 1232 3018 Nisi

118 3049 210 3111 enim
230 3047 381 3109 velamen
402 3045 567 3109 abstulerit
587 3045 789 3125 evangelium
809 3044 850 3109 de
863 3048 945 3111 sacia
961 3048 1057 3131 Mosi,
1082 3072 1149 3115 non
1163 3073 1231 3140 po·

117 3150 179 3210 test
199 3146 302 3210 videri
320 3147 428 3208 vultus
451 3149 536 3226 ejus,
568 3147 751 3209 necsensus
770 3150 839 3227 ejus
858 3150 1040 3232 intelligi„,
1067 3164 1101 3215 et
1112 3154 1227 3219 homil.

115 3246 160 3330 V,
177 3262 203 3315 s.
224 3271 255 3335 p.
271 3259 352 3314 205:
382 3246 495 3310 ”Haec
517 3247 624 3309 omnia
645 3247 780 3310 nisialio
793 3250 880 3313 sensu
900 3252 1107 3338 accipiamus,
1129 3272 1228 3340 quam

115 3350 228 3415 literae
251 3360 357 3410 textus
376 3347 528 3428 ostendit,
557 3349 634 3410 sicut
656 3349 749 3434 saepe
767 3353 833 3428 jam
849 3349 1005 3432 diximus,
1033 3354 1156 3421 cumin
1168 3375 1229 3420 ec-
1272 3396 1276 3403 -

35 3454 38 3463 '
114 3452 206 3518 etesia
218 3450 405 3531 recitantur,
425 3451 618 3511 obstaculum
634 3451 735 3531 magis
749 3463 781 3513 et
793 3453 1044 3533 subversionem,
1059 3474 1157 3542 quam
1170 3476 1228 3519 ra-

111 3554 237 3619 tionem
251 3549 564 3635 aedificationemque
579 3553 788 3636 praestabunt
799 3600 820 3632 „
867 3552 988 3617 Pariter
1007 3552 1048 3617 de
1070 3556 1227 3621 sententia

35 3674 38 3679 ·
113 3652 264 3735 Origenis
290 3653 325 3713 in
345 3649 387 3711 V.
408 3648 447 3711 T.
465 3647 622 3734 quaedam
640 3663 676 3713 ut
698 3654 782 3732 gesta
811 3666 995 3732 narrantur,
1029 3676 1113 3740 quae
1133 3677 1227 3721 nutr-

112 3776 210 3843 quam
224 3752 428 3832 contigerint,
458 3753 536 3831 alia,
565 3771 647 3835 quae
666 3762 761 3836 prout
784 3756 965 3818 referuntur
982 3757 1060 3830 salsa
1083 3756 1164 3838 sint,
1188 3776 1225 3822 ιι

20 3889 24 3898 -
112 3854 248 3943 proinde
269 3853 384 3916 literali
401 3853 489 3914 sensu
512 3874 575 3913 non
595 3853 655 3914 sint
676 3853 867 3938 accipienda.
927 3855 979 3920 Sic
999 3855 1223 3937 homil.V1,s

112 3954 148 4016 in
163 3953 273 4021 Genes.
286 3955 351 4017 vol
366 3951 409 4031 11,
425 3965 484 4017 78:
505 3953 524 3986 ”
533 3951 625 4032 Quae
638 3956 776 4034 nobis„,
795 3955 916 4044 inquit,
944 3953 1150 4021 ”aedificatio
1162 3956 1224 4021 erit

112 4053 308 4135 legentibus,
334 4053 501 4118 Abraham
518 4064 643 4116 tantum
662 4058 872 4142 patriarcham
893 4079 959 4123 non
975 4058 1081 4121 solum
1097 4057 1223 4124 menti·-

111 4162 183 4222 Μ
201 4154 265 4223 esse
283 4154 479 4225 abimelech
498 4152 582 4239 regi,
610 4153 666 4223 sed
684 4167 717 4221 et
732 4152 921 4244 pudicitiam
940 4158 1083 4242 conjugis
1105 4152 1223 4247 prodi-
1253 4186 1276 4211 ι
