2572 4770
8 150 16 167 ‘
80 220 155 291 488
223 152 227 161 Ι
449 196 632 290 caplis.
683 193 827 273 Ethica.

82 358 217 483 corpore
228 368 451 466 constitutum,
478 391 515 443 nt
529 381 598 460 elne
617 346 842 464 cupiditatibus
856 374 967 440 anima
980 377 1201 465 obtemperem

79 508 119 563 nt
138 495 175 558 in
192 492 249 571 iie,
287 486 343 575 qui
361 496 515 570 tanquam
536 479 578 544 de
595 481 711 544 throno
734 479 876 567 corporis
896 491 1088 567 peccatum,
1118 479 1205 567 qnotl

82 612 223 678 ragnum
240 591 332 678 priua
351 586 554 663 exercuerat,
580 580 798 661 detruserunt,
828 593 862 644 et
878 579 1032 646 adversus
1043 580 1128 645 illud
1141 580 1206 645 de-

83 702 224 771 certant,
250 709 323 753 caro
335 683 525 773 concupiscit
537 680 686 747 adversus
702 680 900 764 carnem⁰);
927 682 1015 747 iniis
1029 703 1129 764 vero,
1150 686 1206 770 qui

84 793 320 886 perfectionem
331 789 398 867 jam
405 786 590 872 consequuti
601 787 690 865 lunt,
703 783 832 873 spiritus
842 781 945 847 victor
953 784 1071 865 evafit,
1084 795 1120 848 et
1131 807 1207 849 eor-

87 894 177 985 poris
189 902 278 955 actua
290 888 388 953 morti
401 884 507 965 dedit,
529 899 562 949 et
575 886 661 950 vitae
673 887 747 949 suae
759 906 874 968 corpus
888 886 965 949 facit
978 888 1150 975 particeps.
1158 887 1179 921 ’‘

91 994 94 1003 '
175 988 281 1071 Cibi,
316 986 465 1053 destinati
483 984 615 1075 quidem
634 988 703 1051 usui
720 985 876 1066 terrestri,
905 987 987 1059 nulli
1005 982 1123 1073 perse
1145 1008 1208 1052 non

88 1093 163 1160 mne
180 1090 278 1171 liciti,
304 1086 481 1153 dummodo
498 1099 635 1170 augeant
645 1086 830 1167 sanitatem,
855 1108 960 1175 neque
974 1089 1208 1154 continentiam

40 1178 44 1185 ¹
89 1192 258 1277 animique
276 1176 459 1255 libertatem
478 1186 658 1276 impediant
678 1189 728 1269 (in
745 1185 840 1252 Rom.
858 1185 898 1252 L.
916 1187 978 1269 lx,
993 1194 1047 1255 42.
1066 1190 1136 1253 vol.
1152 1188 1208 1271 IV,

92 1301 175 1372 ⁶653
200 1292 246 1355 ib.
263 1288 309 1372 Χ,
331 1302 362 1359 8.
382 1313 415 1378 p.
430 1303 490 1359 668
506 1293 577 1376 sq.).
630 1287 743 1376 Neque
762 1288 833 1351 vini
855 1292 929 1352 usus
951 1289 1135 1357 Christiano
1155 1292 1210 1355 in-

90 1389 298 1457 terdicendos
318 1394 364 1455 est
379 1396 420 1474 (e.
435 1390 516 1457 Cels.
528 1386 623 1469 VIII,
642 1400 692 1458 82.
714 1412 747 1478 p.
766 1393 854 1470 765).
894 1386 1085 1474 Idolothyta
1104 1406 1211 1460 antem

90 1504 127 1559 et
142 1495 232 1574 (cum
244 1492 372 1574 sanguia
388 1492 428 1557 sit
442 1492 634 1556 alimentum
650 1489 859 1572 daernontun)
879 1492 1026 1556 srrslocata
1041 1494 1213 1560 Christiani

92 1612 162 1657 non
186 1590 286 1657 edunt
311 1595 368 1674 (ib.
390 1599 415 1681 h.
434 1605 484 1663 so.
503 1616 536 1681 p.
557 1597 654 1675 atah
689 1589 942 1674 „abstinendum
963 1597 1102 1660 omnino
1122 1616 1142 1660 a
1164 1599 1213 1661 ci-

91 1693 209 1775 borum
219 1694 293 1774 usu¹
314 1691 357 1759 ad
368 1715 467 1783 quem
478 1717 538 1761 noe
549 1696 604 1758 vel
614 1695 709 1777 gulae
719 1694 773 1756 uel
783 1694 957 1781 voluptatis
970 1693 1114 1760 studium
1122 1719 1215 1763 com-

32 1872 41 1887 Ι
92 1793 211 1879 pellat,
227 1792 295 1858 line
306 1797 470 1885 proposito
481 1794 608 1861 sanitati
621 1795 760 1883 corporis
774 1793 956 1858 consulendi
964 1795 983 1829 ”
997 1798 1056 1877 (ih.
1074 1821 1108 1886 p.
1127 1803 1213 1881 764).

94 1890 150 1959 De
175 1896 341 1976 jejunio
375 1899 489 1965 homil.
509 1899 554 1976 X,
575 1910 595 1965 2
620 1897 655 1959 in
677 1895 785 1962 Levit.
814 1895 1024 1975 vualtero
1051 1898 1215 1981 Origenes

94 1993 177 2059 haec
197 1995 315 2061 habet:
340 1997 485 2065 ”Nonne
501 1998 662 2090 apostolae
678 1997 763 2077 (Col.
778 1996 838 2077 111,
857 2012 883 2064 1.
898 2002 933 2079 2)
952 2010 1064 2084 aperte
1085 2001 1146 2064 tibi
1164 1999 1218 2063 ‹li-

95 2094 157 2177 cit,
185 2098 254 2165 noli
269 2119 422 2186 quaerere
440 2102 476 2164 in
493 2099 588 2164 terrie
601 2099 792 2179 Jerusalem,
820 2120 878 2164 nec
891 2100 1111 2167 observantiae
1126 2103 1216 2183 legh,

95 2219 157 2263 nec
174 2200 332 2280 jejunium
347 2198 487 2269 Christi?
520 2201 675 2283 Jejunane
695 2202 782 2265 enim
805 2197 903 2265 debes
922 2199 1011 2264 adire
1027 2204 1218 2290 pontificem

95 2310 190 2367 tunm
204 2300 381 2382 Christum,
409 2302 466 2391 qui
480 2304 592 2389 utique
610 2326 676 2368 non
690 2301 829 2367 interris
842 2300 1053 2387 requirendus
1070 2305 1136 2385 eit,
1164 2304 1218 2369 sed

90 2398 132 2468 'in
153 2402 268 2482 coelio,
297 2412 331 2465 et
347 2424 408 2491 per
428 2403 532 2491 ipsum
551 2403 650 2469 debes
668 2405 783 2470 offerre
802 2401 937 2465 hostiam
951 2400 1034 2468 Deo.
1078 2404 1142 2470 vis
1161 2408 1218 2471 tibi

94 2500 203 2569 adhue
223 2499 389 2567 ostendam
410 2504 506 2589 quale
525 2514 559 2567 te
578 2516 705 2590 oportet
723 2509 868 2585 ieiunare
883 2500 1069 2584 jejunium?
1101 2504 1217 2586 Jejnna

94 2606 138 2669 eb
151 2604 241 2668 omni
253 2616 400 2691 peccato,
420 2604 548 2669 nullum
564 2605 671 2667 cibum
687 2606 793 2671 sumas
806 2604 962 2684 malitiae,
986 2605 1095 2669 nullas
1113 2610 1219 2696 captiae

92 2706 212 2799 epulae
230 2704 423 2796 voluptatis,
451 2705 542 2770 nullo
559 2704 637 2767 uino
652 2704 801 2770 lanariae
822 2706 1025 2769 concalescat.
1069 2706 1219 2789 Jejunan

94 2808 194 2875 malie
206 2809 344 2887 actibue,
373 2806 497 2871 ebetine
518 2804 641 2869 amalis
655 2805 871 2885 sennonibus,
892 2805 1020 2869 contine
1035 2818 1072 2871 te
1084 2832 1111 2885 ,a
1126 2816 1219 2895 cogi-

95 2908 272 2977 tationibus
291 2907 442 2997 pessimis.
492 2905 568 2973 Noli
582 2906 765 2987 contingere
781 2927 881 2995 panes
894 2907 1032 2973 furtivos
1049 2918 1220 3000 perversae

98 2992 274 3077 cloot'rinae.
322 3006 395 3074 Non
415 3005 614 3094 concupiscas
634 3005 764 3071 fallaces
784 3009 1004 3095 philosophiae
1022 3010 1133 3093 cibos,
1165 3015 1219 3101 qui

97 3125 134 3181 te
148 3112 315 3179 averitete
327 3105 489 3173 seducant.
533 3107 615 3172 Tale
630 3109 787 3187 jejunium
802 3108 874 3175 Deo
887 3110 1002 3196 placet.
1044 3111 1220 3182 Abstinere

98 3236 181 3282 uero
202 3211 333 3290 ecibie,
362 3232 443 3298 quoe
455 3209 545 3274 Deua
562 3211 697 3290 creavit,
726 3209 766 3274 ad
788 3209 1030 3298 percipiendum
1049 3238 1124 3281 curn
1143 3241 1220 3301 gra-

99 3315 220 3385 tiarum
241 3312 366 3377 actione
381 3308 549 3391 fidelibus,
577 3323 611 3373 et
629 3311 691 3374 hoc
710 3312 816 3375 facere
833 3333 907 3375 curn
919 3313 973 3376 hie
986 3316 1041 3401 qui
1059 3315 1220 3387 Christum

102 3417 347 3494 crucifixerunt,
370 3423 536 3499 acceptum
554 3413 619 3475 else
636 3433 704 3476 non
722 3414 824 3498 potest
838 3412 920 3478 Deo.
970 3413 1135 3499 Indignati
1151 3423 1221 3487 sunt

18 3520 26 3537 '
101 3515 276 3608 eliquando
301 3527 335 3578 et
352 3513 512 3603 Pharisaei
528 3509 677 3592 domino,
711 3533 767 3576 cur
788 3534 854 3578 non
873 3517 1055 3595 jejunarent
1076 3518 1223 3610 discipuli

102 3626 185 3704 ejus.
234 3616 363 3700 Quibus
380 3614 437 3679 lile
457 3611 634 3701 respondit,
662 3613 737 3702 quia
751 3636 819 3678 non
830 3616 958 3705 polluat
975 3618 1036 3682 filii
1050 3622 1157 3709 sponsi
1169 3628 1223 3705 je-

103 3726 235 3807 junare,
257 3714 411 3807 quamdiu
425 3735 499 3781 cum
511 3714 586 3800 iplie
601 3715 647 3779 est
658 3715 798 3802 sponsus.
847 3715 901 3783 Illi
917 3738 994 3802 ergo
1006 3721 1155 3807 jejunent
1167 3725 1223 3815 qui

105 3860 308 3888 ,ιιι-*-

139 3952 171 4024 *)
184 3954 230 4009 De
248 3950 393 4007 tentati
402 3950 556 4019 onttnu,
580 3958 614 4005 ut
634 3949 666 4006 itl
684 3949 715 4010 h.
729 3950 751 4006 l.
768 3948 959 4022 adiiciamus,
986 3952 1163 4015 devoratae.
1179 3960 1224 4020 ἃ

177 4057 206 4110 p.
222 4038 283 4093 259.
296 4038 349 4093 260
361 4038 418 4092 nita
449 4035 628 4105 „Orendum
641 4038 681 4092 en
695 4052 756 4091 non
772 4054 810 4092 ne
823 4039 989 4108 tentemuss
1013 4040 1080 4099 steri
1095 4044 1179 4105 enirn
1192 4046 1225 4107 id

177 4140 237 4179 non
248 4124 359 4196 potest,
378 4120 426 4179 sed
441 4140 479 4194 no
490 4139 507 4178 e
517 4122 681 4181 tentatione
694 4121 971 4181 circumveniamur.
980 4125 1000 4157 ’¹
