2572 4770
72 362 74 367 ,
111 280 184 350 stt
234 282 237 287 ’
438 266 527 359 cap.
553 264 625 334 HI.
677 242 906 356 Dogmattia.

105 454 109 465 '
198 448 416 529 Adjungimus
433 446 700 533 deniqueverba,
728 446 934 532 quae-noster
947 443 1121 507 sublinem
1131 443 1233 507 libro-

96 572 191 643 ,rum
204 548 245 612 de
256 551 366 635 spiritu
380 551 401 612 s.
418 572 449 635 p.
460 562 527 628 v529
542 548 637 609 fecit:
664 544 850 625 ”Abunde,
871 557 908 608 ut
923 566 1043 624 reor„,
1064 546 1129 624 eit,
1150 547 1236 607 ”oc-

119 654 244 718 cursum
264 652 309 711 est
326 650 505 736 propositae
520 646 704 734 quaestioni.
754 645 840 724 Quia
853 656 932 709 v'ero
945 646 1096 733 ineptum
1113 650 1237 710 mitul-

120 768 192 818 tum
212 748 341 813 uidetur
360 748 510 813 adversus
531 751 621 812 fatua
640 745 849 834 respondere,
877 761 911 812 et
923 749 949 811 si
963 747 1043 834 quid
1058 749 1095 811 in
1107 751 1238 812 buccam

122 852 223 922 ruerit
235 849 427 937 impiorum,
448 852 509 911 hoc
524 851 609 911 uelle
624 847 810 929 dissolver03
837 871 904 911 non
923 849 1013 911 enim
1030 860 1160 912 tentum
1173 850 1238 912 inr-

121 953 251 1044 pietatis
269 953 314 1012 est
329 950 477 1011 scelerata
493 969 688 1034 proponere,
713 952 871 1034 'quantum
890 960 924 1011 et
942 946 982 1011 de
1001 950 1163 1014 sceleratis
1179 952 1238 1012 sel-

55 1059 70 1082 '
123 1068 192 1119 tem
209 1052 403 1116 resistentem
422 1050 507 1111 velle
527 1060 678 1111 tractare:
713 1050 825 1112 iccirco
842 1046 922 1111 illud
942 1047 1029 1134 quod
1046 1053 1153 1145 solent
1172 1064 1236 1114 tra-

125 1167 211 1219 ctore
228 1160 413 1237 praetereo,
441 1147 587 1228 sacrilega
600 1147 751 1212 adversus
768 1170 828 1213 nos
843 1147 974 1213 audacia
988 1153 1236 1236 proclamantem

124 1253 296 1339 sispiritus
320 1252 444 1313 sanctus
471 1261 594 1311 creatus
614 1270 679 1310 non
702 1251 765 1327 est,
797 1262 853 1312 aut
872 1252 970 1312 irater
992 1253 1037 1311 ert
1055 1249 1121 1313 Dei
1145 1254 1237 1338 petris

124 1367 183 1419 uut
205 1366 337 1440 patruus
362 1353 407 1413 est
427 1350 583 1429 unigeniti
601 1349 675 1411 lesu
699 1350 830 1428 Christi,
865 1362 919 1413 aut
937 1351 1026 1414 silius
1048 1351 1168 1415 Christi
1187 1356 1237 1434 est,

60 1508 64 1521 .
124 1467 182 1519 aut
195 1472 296 1537 nepos
316 1451 363 1513 est
375 1448 437 1512 Dei
457 1450 573 1533 patris,
602 1461 658 1510 eut
677 1450 742 1535 ipse
765 1451 852 1514 filius
864 1449 927 1513 Dei
947 1453 1009 1528 est,
1037 1456 1158 1532 etjam
1180 1477 1239 1519 non

125 1556 188 1620 erit
202 1552 384 1633 unigenitus
405 1548 554 1613 dominus
568 1552 658 1615 tetus
675 1551 832 1629 Christus,
861 1571 933 1613 cum
953 1552 1090 1614 alterum
1111 1555 1238 1619 fratrem

126 1659 254 1719 lrabeat.
303 1651 409 1714 Miseri
422 1662 518 1738 atque
533 1652 744 1730 miserabiles,
767 1644 833 1714 non
848 1653 1019 1714 sentientes
1034 1651 1075 1717 de
1089 1655 1239 1743 incorpo-

127 1757 193 1822 reis
213 1767 246 1819 et
268 1752 478 1816 invisibilibus
499 1755 590 1831 juxta
611 1755 823 1840 corporalium
841 1764 875 1815 et
892 1753 1068 1815 visibilium
1087 1754 1238 1843 disputari

129 1880 197 1922 non
221 1856 317 1918 licere
342 1864 498 1915 naturam.
554 1853 698 1918 Fratrem
725 1857 790 1919 esse
813 1856 866 1916 vel
888 1867 1058 1940 patruum,
1091 1872 1239 1946 nepotem

130 1957 186 2021 vel
209 1956 314 2029 silium
335 1974 503 2039 corporum
523 1956 653 2018 nomina
677 1959 749 2020 sunt
777 1967 810 2019 et
829 1955 1058 2019 imbecillitatis
1082 1959 1239 2024 humanae

131 2048 296 2121 v'ocabula.
346 2054 486 2118 Trinitas
504 2075 581 2116 vero
593 2075 706 2119 omnes
719 2057 778 2119 hes
795 2053 1062 2140 praetergreditur
1074 2080 1239 2149 nuncupa·

130 2159 255 2236 tiones3
289 2166 323 2217 et
342 2155 591 2240 quotiescunque
612 2157 647 2218 in
667 2157 772 2242 aliqua
798 2154 839 2217 de
862 2154 912 2217 his
932 2153 1033 2237 cedit,
1059 2164 1238 2227 nominihus

133 2260 248 2322 nostris
264 2257 490 2336 etincongruis
503 2257 683 2336 vocabulis,
706 2279 772 2321 non
783 2257 837 2318 sua
852 2267 963 2318 natura
975 2257 1130 2342 loquitur.
1164 2262 1240 2329 Cum

131 2360 230 2440 igitar
255 2359 358 2419 sancte
387 2357 536 2440 scriptura
562 2358 699 2442 amplius
726 2355 768 2419 de
791 2356 931 2420 trinitate
957 2377 1024 2419 non
1049 2357 1152 2443 dicat,
1185 2366 1240 2429 nisi

133 2457 241 2523 Deum
258 2469 381 2542 patrem
401 2458 463 2518 esse
477 2457 639 2517 salvatoris
659 2467 693 2517 et
708 2457 813 2520 filium
827 2468 1012 2537 generatum
1030 2462 1095 2523 esse
1110 2484 1129 2525 a
1137 2477 1240 2563 patre,

131 2558 195 2621 hoc
223 2553 445 2617 tantummodo
474 2554 629 2617 debemus
655 2555 770 2618 sentire
801 2555 887 2642 quod
916 2557 1065 2643 scriptum
1102 2564 1169 2643 est,
1213 2577 1242 2627 et

132 2657 254 2720 ostenso
269 2653 355 2740 quod
370 2655 496 2742 spiritus
510 2656 633 2717 sanctus
645 2655 804 2720 increatus
822 2658 875 2734 fir,
902 2662 1132 2745 consequenter
1146 2666 1242 2728 intel-

132 2760 248 2840 ligere,
271 2754 375 2843 quod,
396 2760 485 2838 cujus
499 2757 623 2819 nonest
638 2768 741 2819 creata
753 2759 939 2842 substantia,
958 2772 1043 2826 recte
1054 2767 1140 2850 patri
1154 2768 1242 2834 silio-

131 2881 195 2947 que
210 2858 353 2923 societur.
363 2907 383 2939 „

350 3047 678 3127 Angelologioet
701 3048 1025 3135 Daemonologio.

214 3159 388 3242 Distinguit
404 3162 468 3225 Did
470 3184 565 3244 >nnus
582 3165 665 3226 inter
687 3168 802 3245 angel
814 3188 856 3230 os
876 3171 1038 3233 sanctos
1060 3171 1189 3252 (Enarr
1208 3176 1239 3236 in

134 3262 288 3329 rl‘etril
310 3285 342 3348 p.
358 3270 434 3345 322)
453 3266 506 3327 tel
526 3265 654 3350 proprie
670 3268 800 3345 angelos
816 3266 916 3333 dictos
936 3283 968 3333 et
987 3276 1118 3352 angelos
1141 3277 1239 3361 lapsos

132 3368 343 3449 (quemquam
362 3385 403 3424 ne
423 3365 472 3425 illi
493 3363 624 3450 quidem
644 3366 703 3429 sant
716 3365 787 3451 Deo
803 3371 929 3453 prorsus
944 3373 1072 3455 puri—
1029 3375 1131 3438 -de
1147 3390 1184 3441 tr.
1199 3376 1238 3455 ll,

132 3466 263 3542 mes)
305 3454 667 3582 ίΗκτι’σιςῆλο>ἰκὴ(,
692 3467 735 3529 art
756 3465 796 3530 de
813 3468 906 3547 trIl
922 3483 951 3544 6,
968 3483 1045 3552 157,
1070 3469 1241 3595 &pervices

131 3556 250 3637 κακίας
274 3581 310 3624 τε
336 3557 425 3625 ἐστὶν
448 3557 598 3652 δεκτική·
635 3555 680 3641 ὡς
700 3557 893 3651 εὗρίσκομεν
914 3566 991 3634 ἐν’
971 3566 1167 3654 ασωμάτοις
1183 3576 1238 3658 μὲν

130 3660 224 3727 καθὰ
250 3656 458 3747 προείπομεν
481 3656 602 3752 ἀρετῆς
629 3661 721 3742 ἐκτὸς
745 3664 824 3743 τοὺς
844 3662 1042 3754 εὖδοκίμαυς
1065 3669 1236 3760 ἀγγέλοις·

129 3754 248 3836 κακίας
269 3759 305 3824 δὲ
321 3754 400 3837 τοὺς
418 3757 675 3848 sapcpsmog·¹
658 3788 693 3830 er
714 3765 752 3830 δὲ
772 3761 937 3849 σώμασιν,
969 3769 1015 3849 ὡς
1035 3768 1237 3895 ἐσὲιὲκζῇμεῖς

129 3852 245 3923 αὐτοί·
267 3882 360 3944 αγιοι
377 3861 433 3943 (de
445 3874 484 3927 tr.
492 3863 535 3940 ΙΙ,
550 3870 671 3946 s,182)
690 3888 776 3947 μετα
764 3861 828 3929 τὸ
843 3859 1086 3957 (ἷιγιασθῆκαιε
1064 3895 1110 3951 ως
1127 3870 1163 3942 οἱ
1180 3866 1235 3940 tio

60 3960 283 4077 sponoe·
318 3955 493 4043 πνεύματα
511 3963 564 4042 δὲ,
591 3965 681 4032 καθὸ
698 3967 786 4054 πρὸς
806 3959 893 4053 ἡμᾶς
911 3964 1097 4053 ἀσώματοι
1148 3977 1234 4043 Unde

125 4061 224 4123 etiam
244 4063 423 4148 incorporei
443 4062 518 4128 dicti
539 4069 610 4130 sunt
631 4068 671 4132 de
693 4082 732 4133 tr
748 4071 792 4150 ΙΙ,
810 4084 933 4150 6,157.
985 4075 1232 4156 (efiEnarrin

124 4156 301 4247 il‘etrill.
323 4183 355 4246 p.
376 4174 453 4232 526:
490 4167 636 4252 ''Augeli
657 4187 826 4238 manentes
845 4173 880 4237 in
902 4177 1086 4261 sanctitate,
1115 4200 1231 4267 quam„
