2572 4770
527 212 709 354 Origeaeiss
738 290 745 318 ι
1119 268 1173 342 66

55 432 164 502 disse?
195 430 530 519 Quid-nuenadffi'cat
552 442 632 505 tants
653 400 857 530 patriarchae.
870 458 970 522 uxor,
994 436 1020 507 sl
1038 454 1169 530 putetur

57 539 385 606 contaminationibus
420 543 562 628 exposita
597 564 655 629 per
691 545 927 607 conniventiam
964 548 1171 615 maritalem?

56 641 150 704 Haec
162 636 276 703 ludaei
291 655 420 728 putent,
449 656 481 706 et
496 645 520 706 si
535 646 588 730 qui
603 667 676 708 oum
690 647 736 708 eis
750 647 821 706 suot
837 648 946 708 literae
960 646 1072 727 amici,
1104 670 1172 714 non

58 741 226 827 spirituo„
255 743 428 806 Historiam
436 742 597 808 Rebeccae
612 746 723 808 homil.
738 745 782 822 X,
798 761 816 812 2
831 746 865 806 in
875 745 986 810 Genes.
1000 751 1063 812 rol.
1074 749 1116 829 H,
1130 762 1170 821 87

60 841 126 903 hoo
136 839 176 903 ad
190 840 353 907 auditores
363 845 610 924 interrogatione
624 845 800 908 concluditr
829 848 941 909 ‘’Haec
958 851 1082 914 fabulas
1103 874 1171 938 pu.
1199 893 1206 904 .

59 943 135 1005 tatis
149 943 228 1021 esse,
242 956 274 1006 et
287 945 431 1008 historias
445 965 571 1007 narrare
586 947 619 1007 in
636 948 793 1031 scripturis
808 945 948 1031 spiritum
962 951 1126 1015 sanatum?
1139 1002 1147 1019 .
1160 939 1181 1021 ,⁸

58 1041 167 1129 Saepe
179 1046 244 1122 jam
260 1043 344 1123 dixi,
368 1043 454 1130 quod
467 1047 501 1106 in
514 1047 565 1109 his
579 1068 642 1108 non
658 1044 807 1109 historiae
822 1062 1004 1128 narrantur,
1026 1052 1079 1113 sed
1093 1072 1172 1135 my.

56 1144 152 1206 steria
164 1156 388 1209 contexuntur.
399 1194 419 1224 „
453 1146 501 1210 Cf.
515 1162 677 1233 praeterea
693 1150 804 1210 ltomil.
819 1148 843 1212 l.
859 1150 892 1210 in
906 1148 1004 1211 Exod.
1015 1164 1046 1213 et
1058 1152 1117 1217 IX.
1135 1154 1172 1220 in

56 1245 120 1308 Jos.
176 1245 228 1309 De
242 1247 375 1332 princip.
390 1246 448 1325 IV,
467 1259 513 1312 16.
536 1251 600 1310 tul.
618 1248 644 1327 Ι,
663 1260 719 1314 175
739 1253 817 1312 haec
834 1253 945 1313 habett
975 1251 1086 1332 „Quis
1107 1255 1175 1337 igi-

57 1357 112 1408 tur
128 1348 224 1408 sanae
243 1349 360 1409 mentis
382 1344 625 1428 existimaverit,
649 1353 786 1436 primam
809 1365 841 1414 et
860 1350 1030 1417 secundam
1050 1368 1081 1418 et
1102 1370 1174 1422 ter-

59 1446 139 1509 tiam
155 1446 261 1526 diem,
283 1461 315 1509 et
329 1451 493 1535 vesperam
508 1461 541 1511 et
554 1472 649 1513 mane
664 1454 730 1514 stne
744 1456 826 1531 sole,
856 1456 933 1515 luna
950 1467 982 1516 et
1003 1457 1117 1537 stellis,
1139 1466 1174 1524 ot

59 1567 153 1626 eam,
178 1566 261 1640 quae
281 1549 384 1611 veluti
406 1550 509 1634 prima
528 1563 612 1629 erat,
642 1550 727 1615 diem
742 1555 910 1616 sinecoelo
931 1556 1050 1619 tuitte?
1091 1558 1175 1638 Quia
1259 1597 1262 1603 ,

60 1646 142 1714 adeo
159 1649 310 1728 stolidus,
338 1662 374 1711 ut
387 1663 494 1736 putet,
526 1651 632 1716 Deum
647 1676 736 1717 more
750 1656 889 1718 hominis
907 1658 1062 1736 agricolae
1076 1662 1176 1745 plan..

60 1753 137 1814 tasse
159 1751 316 1814 hortum?
331 1799 338 1814 .
356 1799 363 1816 .
382 1797 389 1816 .
438 1751 480 1814 Et
501 1775 573 1816 cum
589 1755 679 1818 Deus
696 1755 830 1818 meridie
847 1758 880 1817 in
894 1757 1036 1842 paradiso
1054 1764 1175 1824 ambu-

61 1853 127 1915 lare
145 1851 278 1932 dicitur,
307 1865 340 1915 et
355 1851 464 1914 Adam
479 1856 533 1916 sub
549 1857 660 1917 arbore
679 1855 879 1935 delitescere,
902 1859 1065 1920 neminem
1085 1861 1176 1925 arbi-

62 1963 128 2016 tror
145 1952 291 2018 dubitare
307 1955 358 2018 his
372 1956 506 2036 figurate
521 1975 578 2040 per
594 1968 799 2039 apparentem
815 1938 996 2036 historiam,
1023 1974 1105 2043 quae
1120 1972 1177 2024 ta-

10 2056 13 2123 ?
60 2072 138 2119 rnen
164 2057 370 2141 corporaliter
395 2076 461 2117 non
489 2056 672 2134 contigerit,
706 2053 864 2141 quaedam
891 2054 1024 2119 indicari
1051 2062 1176 2139 myste-

10 2162 13 2191 ²
60 2156 170 2220 ria...
221 2155 288 2220 Sed
312 2155 388 2243 quid
408 2157 521 2219 attinet
540 2156 634 2242 plura
654 2154 777 2234 dicere,
809 2175 881 2218 cum
899 2157 1068 2220 innumera
1085 2163 1177 2238 ejot-
1252 2186 1255 2193 ¹

60 2255 151 2320 modi
174 2257 286 2342 scripta
309 2257 440 2344 quidem
461 2270 616 2343 tanquam
634 2260 718 2336 gesta
739 2259 878 2337 fuerint,
909 2278 973 2320 non
988 2261 1071 2338 gesta
1085 2280 1177 2344 uero,

59 2371 96 2423 nt
115 2359 207 2421 litera
230 2361 336 2437 sonat,
366 2359 488 2446 quiris,
515 2355 613 2420 modo
633 2379 697 2419 uon
722 2360 817 2444 plane
835 2362 930 2445 stipes
950 2360 1003 2437 sit,
1025 2361 1176 2441 colligare

58 2461 163 2547 possit.
172 2461 211 2507 ”r-
233 2461 349 2551 Neque
359 2460 457 2522 solius
467 2459 509 2523 V.
519 2459 556 2522 T.
571 2461 682 2521 literae
696 2461 774 2522 uitia
787 2462 841 2522 illa
856 2460 1013 2540 Origenes
1027 2458 1097 2539 dat,
1119 2458 1176 2528 sed

58 2563 159 2625 etiam
200 2561 237 2624 in
271 2561 445 2642 evangeliis
485 2562 563 2622 falsa
604 2560 759 2638 admittit,
819 2561 940 2646 ipsique
983 2559 1176 2627 videbantur
1267 2581 1270 2587 ’

59 2663 273 2745 evangelistae
296 2666 378 2724 iacta
401 2661 556 2725 nonnulla
576 2662 646 2721 loco
668 2682 733 2723 non
753 2664 810 2723 suo
824 2664 961 2723 narrasse
979 2673 1011 2723 et
1026 2663 1175 2747 interpo-

58 2767 154 2846 lasse,
180 2764 244 2826 alia
268 2775 433 2827 autemut
456 2766 538 2843 gesta
555 2762 713 2840 retulisse,
736 2783 818 2850 quae
837 2782 1000 2848 nunquam
1021 2762 1177 2844 contigis-

58 2869 139 2932 sent
189 2863 255 2947 Ita,
284 2877 322 2927 ut
341 2867 444 2928 multa
463 2865 525 2926 alia
547 2863 695 2948 exempla
715 2866 879 2942 omittam,
909 2874 1003 2942 negat
1017 2860 1058 2925 de
1071 2865 1170 2957 prino.

57 2965 120 3048 IV,
141 2979 190 3034 16.
213 2968 278 3030 vol.
294 2964 321 3046 Ι,
339 2979 416 3046 175,
446 2965 604 3030 Christum
624 2985 642 3026 a
667 2963 793 3026 diabolo
817 2967 1006 3027 translatum
1024 2966 1119 3028 fuisse
1136 2965 1173 3031 in

58 3070 222 3133 excelsum
235 3079 394 3147 mortem,
421 3064 592 3131 undouno
611 3077 776 3129 momento
793 3066 901 3127 omnia
917 3066 1001 3126 orbis
1014 3077 1173 3134 terrarum

58 3193 160 3254 regna
182 3171 238 3232 sub
259 3169 370 3232 oculos
392 3171 461 3247 ejus
482 3167 656 3246 subjecerit.
688 3164 899 3245 „,Sexcenta
922 3166 1031 3244 alia,’‘
1056 3169 1172 3253 porgit,

61 3274 143 3356 „hin
166 3271 283 3335 similia
305 3269 342 3331 in
368 3267 544 3347 evangeliis
571 3269 736 3330 ohservare
759 3265 832 3327 licet
861 3266 1012 3329 attentius
1038 3267 1171 3350 legenti,

59 3370 149 3438 unde
163 3370 291 3451 colliget
305 3370 361 3448 iis,
390 3389 472 3454 quae
490 3367 664 3432 secundum
682 3368 808 3429 literam
828 3368 910 3445 gesta
931 3368 1018 3445 sunt,
1042 3368 1102 3430 alia
1116 3376 1173 3430 at-

59 3486 149 3539 texta
170 3473 251 3549 esse,
285 3490 366 3555 quae
385 3489 451 3530 non
470 3467 705 3549 contigerunt.’'
758 3463 862 3527 Etiam
890 3463 1001 3532 durius
1028 3467 1171 3553 loquitur
1226 3495 1235 3522 ι

59 3570 217 3640 'somsls
231 3571 265 3633 in
279 3569 351 3633 Joh.
375 3573 399 3654 i.
416 3583 446 3636 2.
467 3568 519 3633 ed.
534 3571 630 3632 Huet.
645 3567 688 3645 11,
707 3577 776 3645 150,
790 3567 844 3628 ubi
861 3565 900 3630 de
916 3571 1034 3632 recessu
1048 3568 1120 3631 Jesu
1134 3567 1171 3632 in

61 3671 327 3743 Galilaeamhaec
337 3682 486 3733 annotat:
510 3667 691 3749 „Harumce
704 3688 810 3732 rerum
820 3669 986 3732 veritatem
999 3670 1089 3730 sitam
1105 3668 1170 3731 essa

10 3832 15 3867 ,
59 3777 183 3842 nentffe
204 3774 251 3835 est
271 3771 414 3836 insensu
436 3771 583 3858 spiritali,
612 3783 667 3855 aut
686 3772 712 3834 sl
734 3767 921 3832 dissonantia
942 3789 1006 3831 nou
1026 3766 1168 3850 solvitur,

10 3890 15 3913 l
57 3870 278 3944 recedendum
292 3874 337 3935 est
348 3894 366 3935 a
379 3870 446 3934 side
460 3872 717 3952 evangeliorum,
745 3884 896 3958 tanquam
913 3886 994 3957 quae
1012 3886 1089 3930 rere
1101 3886 1170 3933 non

14 3968 22 4015 ³
56 3979 121 4047 snt
141 3976 254 4063 scripta
273 3993 332 4061 per
351 3974 512 4059 spiritum,
542 3993 647 4060 neque
659 3974 721 4038 sint
733 3970 905 4049 diviniora,
925 3988 1030 4054 nequa
1045 3965 1170 4055 optimo

11 4082 19 4105 '
58 4077 175 4147 ordino
195 4075 453 4152 nommantatn‚''
481 4087 514 4137 et
539 4095 591 4160 qu.
616 4077 660 4161 sq.
716 4070 824 4155 Quare
842 4071 941 4158 praes.
965 4066 1000 4164 ip
1020 4065 1094 4132 Joh.
1114 4064 1169 4136 ed.

10 4120 39 4279 i·
58 4182 158 4250 sinet.
174 4175 219 4250 tt
238 4199 271 4265 p.
289 4188 320 4248 9.
339 4173 390 4242 Ar
401 4166 530 4261 Ὥςπερ
552 4170 655 4254 ἐστὶν,
686 4177 746 4256 ait,
774 4164 876 4257 νόμος
893 4165 989 4237 σκιὰν
1006 4164 1172 4261 περιέχων

1160 4384 1232 4498 1
