2572 4770
458 308 801 378 ...ης-

20 468 23 475 ’
105 506 183 550 runa
204 502 347 571 operum
372 478 549 559 Eusebium
573 479 704 551 videtur
722 478 848 567 sagitte.
911 480 1041 545 Deinde
1060 458 1166 544 llule-

74 656 78 667 ,
104 587 178 655 bius
200 587 406 665 Pantaeuunr
426 576 522 649 fuitra'
539 584 686 670 primum
705 582 835 649 scholae
857 582 1065 671 praefectum
1085 604 1168 648 nus-

105 712 207 778 quam
228 686 314 752 dicit.
361 684 480 774 Incipit
497 684 632 772 quidam
648 683 781 752 scholae
795 685 1013 752 catecheticae
1032 682 1169 772 praele-

106 804 235 858 ctorum
259 788 501 874 doctorumque
520 786 637 852 seriem
663 790 883 868 aPantaeno,
913 789 957 855 ita
977 802 1107 866 tamen,
1131 798 1170 853 ut

82 906 86 915 '
105 891 346 981 cumprimum
363 888 474 957 ‹ttxttre
490 910 702 977 nequaquam
717 893 879 958 videatur.
916 888 975 957 Ait
987 890 1076 955 euim
1091 887 1124 952 lr.
1138 908 1168 953 c.

9 1026 19 1045 r
104 994 158 1077 V,
183 1012 244 1062 to:
266 991 397 1074 Ἤγνῖτο
410 989 446 1056 δὲ
464 991 637 1079 τηνικαῦτα
656 990 716 1069 τῆς
734 997 801 1059 edu
821 991 944 1078 πιοτιδν
959 984 1079 1058 αὐτόθι
1097 988 1167 1055 δια·

53 1136 54 1141 1
107 1092 216 1189 τριβῆς
237 1084 311 1182 ιῖνιίρ
333 1081 419 1159 aare
436 1089 578 1159 narratas
598 1085 818 1185 ἐνδοξότατος,
851 1086 949 1181 ὄνομα
971 1087 1062 1182 αὐτῷ’
1082 1081 1170 1156 Πέν-

59 1192 226 1279 ’··νιιινοο;
262 1216 349 1284 quaa
378 1194 481 1261 verba
506 1196 554 1261 riil
582 1195 672 1261 aliud
694 1197 843 1263 inditore
866 1199 1013 1284 potsunt,
1047 1215 1169 1282 quam:

32 1374 35 1383 ¹
83 1299 357 1368 Praetentura
386 1298 548 1384 temporis
573 1297 705 1364 scholae
732 1299 949 1367 catecheticae
968 1301 1169 1379 Pantaenus.

105 1401 232 1490 Quodti
259 1399 348 1464 euim
372 1413 536 1466 verteres:
569 1401 704 1467 Primus
727 1401 874 1489 praefuit
899 1415 980 1475 nanc
1009 1397 1169 1487 temporis

103 1503 235 1591 scholae
257 1501 477 1567 catecheticae
497 1503 703 1584 Pantaenus,
727 1505 891 1569 rariorem
911 1501 1066 1570 vocabuli
1087 1499 1181 1580 ἡγεῖ--

5 1658 10 1675 .
65 1694 68 1703 .
104 1606 183 1673 σθαι
203 1602 470 1693 significationem
488 1608 622 1671 utitatae
640 1604 830 1693 praeferres
851 1604 1104 1691 offenderesque
1118 1602 1171 1665 lo-

106 1700 228 1796 quendi
243 1705 512 1771 consuetudinem
533 1728 613 1775 cum
632 1721 784 1775 veterum
803 1708 956 1773 ocelefiae
969 1707 1170 1793 scriptorum

103 1810 396 1894 recentiorumque
420 1808 634 1875 Graecorum
660 1809 830 1883 universe,
865 1832 908 1876 ax
938 1808 1058 1897 quibus
1086 1830 1120 1870 v.
1142 1826 1173 1868 e.

104 1910 246 2001 Pltotius
258 1908 412 1997 biblioth.
431 1910 502 1975 cod.
518 1935 529 1976 r
543 1932 598 2000 ¹9·
619 1933 652 1999 p.
664 1910 738 1978 boo
750 1912 907 1977 Pieriam
929 1912 1067 1997 quoque
1079 1906 1172 1971 scho-

104 2015 157 2081 lae
173 2004 393 2083 catechetica'e
410 2002 591 2093 ἡγήσασθαι
614 2012 713 2092 dixit,
737 2026 770 2079 et
783 1998 957 2101 Philippus
969 2011 1094 2076 Sidetas
1113 2008 1136 2073 1.
1149 2007 1172 2070 l.

52 2120 87 2181 ι’.
106 2113 309 2183 uocabulum
325 2112 453 2200 πρῶτος
465 2114 506 2177 ad
522 2106 659 2193 ἡγήσατο
681 2113 823 2178 adiicere
840 2114 1087 2201 supervacuum
1102 2130 1172 2174 nou

44 2298 51 2311 Ι
103 2217 238 2293 habuit,
262 2229 333 2280 tum
356 2211 488 2278 Eulebii
505 2213 697 2299 separatim,
723 2215 779 2301 qui
794 2213 827 2278 h.
841 2237 870 2280 e.
886 2216 950 2293 VI,
974 2213 996 2280 6
1014 2214 1175 2279 Clemen-

104 2332 173 2385 tem
194 2334 328 2403 quoque
340 2313 386 2380 ait
398 2310 530 2378 scholae
549 2313 767 2380 catecbeticae
786 2308 1033 2395 καθηγήσασθαι
1050 2314 1173 2403 quique

29 2504 31 2509 Ι
105 2414 283 2509 permultis
294 2415 374 2480 loeis
389 2412 559 2503 episeopus
574 2416 786 2483 eccleliarum
802 2408 979 2500 ἡγήσασθαι
995 2418 1106 2483 dicere
1119 2413 1173 2480 ni-

105 2522 153 2589 hil
168 2518 296 2586 dubitat
314 2514 421 2593 (velut
436 2515 470 2582 lr.
485 2541 512 2582 e.
529 2518 595 2598 Vl,
621 2534 662 2585 11
685 2519 760 2584 coll.
776 2519 810 2584 lr.
823 2543 851 2586 e.
863 2521 926 2603 Ill,
950 2545 983 2588 2·
995 2527 1039 2603 43
1065 2520 1108 2599 V,
1124 2518 1173 2596 6).

105 2621 264 2702 Accedit,
285 2619 393 2711 quod,
414 2620 657 2686 fiPantaenum
673 2621 821 2708 primum
837 2634 928 2689 certo
944 2617 1175 2688 habuilletca-

107 2724 288 2804 techetam,
314 2720 475 2788 Eusebius
495 2727 562 2787 tine
581 2722 682 2788 dubio
696 2720 785 2790 hano
803 2725 897 2791 luam
912 2724 1105 2791 seutentiam
1122 2723 1174 2787 di·
1196 2782 1200 2795 .

107 2827 224 2895 lucidis
243 2824 354 2892 verbis
373 2824 591 2914 expreltill'et,
614 2848 676 2891 uec
695 2826 719 2891 1.
735 2827 758 2892 l.
781 2827 864 2892 nihil
885 2827 1027 2907 distillet,
1053 2846 1173 2914 quam:

106 2924 162 2997 Ἐν
181 2930 217 2994 δὲ
237 2930 305 3004 τοῖς
327 2925 480 3009 (scholae
509 2940 571 2994 eat.
594 2926 795 3016 praefectis)
818 2925 965 3017 μάλιστα
985 2922 1059 2994 κατ’
1077 2930 1172 2994 ἐκεῖνο

107 3029 216 3122 neapoli
229 3021 414 3117 διαλάμψαι
429 3022 521 3108 λόγος
539 3018 611 3114 ἔχει
624 3019 681 3096 eda
695 3029 907 3119 δοδηλωμὲναν
920 3028 1173 3112 (Pantaeuuur).

106 3134 239 3203 Pariter
266 3146 366 3219 atque
392 3131 554 3199 Eusebius
579 3132 717 3220 patrum
748 3134 831 3199 aliua
860 3135 1034 3222 quisquam
1064 3152 1175 3215 neque

68 3320 71 3325 Ι
108 3234 359 3321 Athenagoram
378 3247 456 3301 aute
469 3236 675 3301 Pantaenum
692 3234 824 3302 scholae
839 3250 901 3303 cut.
916 3258 983 3301 uon
997 3230 1176 3322 praeluiffe

108 3336 230 3419 (etiaim
250 3360 294 3402 ua
312 3336 544 3426 Hieronymus
563 3337 698 3424 quidem
717 3323 954 3426 Athenagorae
970 3337 1176 3402 mentionem

16 3488 19 3495 -
102 3434 228 3537 fecit),
253 3461 361 3527 ucqua
381 3474 432 3490 ·-
451 3440 483 3506 id
499 3463 582 3505 vero
594 3440 720 3507 Rufino
733 3440 874 3530 excepto
892 3470 941 3491 -
965 3439 1176 3505 Pantaenum

109 3544 268 3634 primum
274 3539 453 3629 proeiuill'e
467 3541 555 3607 dicit.
604 3544 701 3609 Solus
711 3545 813 3630 igitur
824 3544 921 3608 restat
933 3540 1089 3618 Rufinus,
1113 3562 1175 3604 cu-

19 3702 23 3719 .
109 3646 162 3713 ius
185 3642 403 3713 testimouium
424 3644 548 3709 nullius
569 3649 611 3710 elt
631 3647 804 3712 momenti.
858 3646 987 3710 Narrat
1005 3644 1094 3709 euim
1114 3644 1178 3707 ali-

113 3748 209 3836 quid,
232 3746 320 3834 quod
335 3744 497 3812 Eusebius
519 3747 612 3811 nullo
631 3747 742 3813 modo.
792 3746 917 3834 Quodti
940 3759 1052 3812 autem
1072 3745 1178 3810 inter-

109 3872 194 3943 pres¹
206 3848 248 3915 ab
261 3846 445 3937 archetypo
460 3847 586 3941 differt,
610 3869 773 3935 quaerere
785 3872 846 3916 noa
861 3861 1011 3936 oportet,
1033 3869 1179 3936 quomo-

113 3954 156 4017 do
172 3952 208 4018 iu
226 3954 316 4021 illam
336 3951 592 4038 discrepantiam
611 3950 776 4033 inciderit,
800 3949 900 4017 lludio
921 3951 1045 4017 erroris
1066 3951 1100 4014 iu
1120 3968 1179 4012 ar-

112 4052 257 4142 chetypo
272 4052 678 4143 depreheuticorrigendi,
704 4077 747 4121 an
768 4053 968 4141 negligentia
977 4052 1178 4137 inscitiaque.

113 4158 185 4223 Iam
209 4176 291 4221 vero
311 4154 452 4223 studium
473 4157 663 4243 corrigendi
681 4158 818 4226 minime
833 4170 974 4245 apparet
996 4154 1179 4231 inllustro,
1206 4174 1210 4187 ·

114 4259 238 4346 quippe
265 4258 383 4343 quiin
410 4255 544 4328 Eusebii
567 4256 646 4333 libri
674 4260 912 4351 quinti.capita
935 4258 1083 4340 decimo,
1119 4254 1180 4321 ubi
