2572 4770
136 252 212 317 sao
461 236 551 331 cap.
572 238 644 308 m.
694 184 927 329 Dogniuaa

97 458 100 463 ·
136 422 323 497 curabatur,
347 438 542 506 quamquam
559 438 675 505 parum
693 413 838 481 distincta
855 414 1048 504 anperite‚”
1087 408 1254 478 Resutavit

135 522 354 589 Isloshemiurn
376 521 537 583 Routhius
559 521 582 584 l.
602 519 625 582 l.
646 516 705 596 lv,
727 531 788 587 286
809 521 893 606 sqq„
920 522 1031 598 cnjus,
1056 536 1101 579 ne
1121 513 1252 577 Itouttit

136 621 436 711 praestantissimum
463 642 544 706 opus
567 619 716 683 omnibus
738 620 775 681 in
795 631 946 705 promptu
967 616 1035 681 non
1058 618 1100 679 Iit
1119 616 1250 691 verenti,

134 723 274 811 plurima
294 723 392 783 rerba
413 719 537 783 tradere
558 720 640 783 mihi
661 719 762 783 liceat.
812 718 1005 801 Dionysium
1029 714 1249 781 distrahendas

135 823 288 910 personae
314 821 348 881 in
379 819 499 885 Christo
527 840 673 905 unquam
701 821 897 907 postulatum
921 818 1034 898 fuisse,
1076 828 1170 880 vetat
1198 837 1248 879 nos

136 921 266 985 credere
287 923 340 982 sua
363 921 460 1006 ipsius
485 919 644 999 defensio,
672 932 721 984 tot
742 921 821 984 locis
842 924 882 982 ab
904 918 1083 984 Athanasio
1108 938 1248 981 comme-

135 1036 294 1099 morata‚·
313 1042 395 1106 quae
418 1031 485 1082 tota
510 1020 546 1082 in
569 1041 610 1083 eo
628 1023 788 1098 versatur,
823 1033 860 1083 ut
881 1030 1027 1082 arceatur
1044 1039 1065 1082 a
1084 1020 1116 1082 se
1135 1018 1247 1080 arianen

137 1135 271 1203 negatae
284 1125 337 1184 vel
352 1132 436 1183 certe
450 1121 640 1195 imminutae
654 1122 782 1185 divinae
796 1120 910 1185 Ghristi
922 1132 1073 1197 neutrae,
1094 1139 1163 1179 non
1176 1116 1246 1179 duos

134 1244 195 1310 pro
218 1244 283 1286 uno
299 1221 420 1285 Christo
442 1219 607 1285 asserendi.
650 1224 762 1308 Neque
777 1223 810 1283 in
826 1221 1029 1307 sequentibus
1043 1217 1158 1281 seculis
1172 1217 1245 1279 Dio-

136 1326 218 1406 nysii
234 1324 418 1385 auctoritate
431 1325 462 1383 se
477 1344 620 1407 unquam
631 1328 805 1387 tuebantur
817 1320 996 1387 Nestoriani
1017 1317 1180 1399 dogmatis
1192 1340 1245 1402 pa-

80 1490 84 1501 ,
139 1425 233 1486 troni.
283 1422 353 1507 Ipse
375 1444 489 1506 porro,
521 1444 618 1507 quern
639 1422 986 1500 indietttttoshernius,
1012 1420 1182 1481 Athanasii
1201 1420 1244 1479 so-

137 1546 193 1587 cus
214 1524 296 1585 nihil
314 1525 401 1585 valet
416 1523 455 1584 ad
470 1523 680 1587 obtinendam
695 1528 818 1586 causam
831 1521 982 1585 adversus
995 1518 1242 1583 Alexandrinum

135 1624 319 1687 antistitem.
370 1624 615 1706 ‚,Dionysrus‘'‚
643 1626 688 1686 ait
703 1625 921 1702 hsoshemius‚
949 1625 1059 1703 „teste
1078 1621 1242 1685 Athanasio

86 1720 89 1725 ’
135 1726 272 1803 negabat
292 1725 433 1786 humana
447 1726 561 1789 Christi
582 1724 623 1786 ad
638 1724 744 1786 Deum
757 1725 792 1786 in
806 1724 928 1788 Christo
941 1721 1134 1786 refidentem
1152 1724 1241 1809 perti«

136 1844 236 1902 nere,
259 1836 291 1885 et
306 1826 398 1887 unice
415 1823 455 1889 ad
467 1827 571 1889 filium
585 1824 781 1888 reserabat.”
821 1825 910 1895 Loco
924 1845 1020 1898 vero,
1040 1843 1139 1907 quem
1153 1823 1241 1903 signi-

133 1925 258 2002 ficavit,
280 1926 359 1987 haec
371 1927 566 1989 Athanasius
583 1938 709 1988 enarrat
723 1928 764 2005 (c.
784 1936 811 1990 5.
835 1948 865 2011 p.
881 1928 974 2005 246):
1003 1915 1058 1985 Ἔν
1070 1917 1239 1987 Honoras-
1279 1956 1283 1965 =

135 2024 206 2103 λοι,
237 2029 358 2113 inquit,
390 2027 450 2112 τῆς
469 2017 536 2091 dvm
555 2019 695 2109 Λιβύης
715 2018 896 2110 τηνικαῦτά
918 2045 1005 2101 τινες
1022 2024 1089 2087 τῶν
1110 2016 1239 2090 inwad-
1276 2024 1283 2095 s

135 2148 211 2191 πων
230 2121 421 2213 ἐφρόνησαν
437 2124 480 2192 τὰ
501 2121 703 2208 Σαβελλίου·
742 2126 800 2190 καί
828 2123 989 2190 τοσοῦτον
1017 2117 1156 2205 ἴσχυσαν
1177 2128 1238 2201 ταῖς
1278 2108 1284 2193 i

135 2222 322 2302 ἐπινοίαις,
353 2218 399 2304 ὡς
417 2220 532 2313 ὀλίγον
551 2227 619 2290 δεῖν
636 2221 758 2311 μηκέτι
779 2222 813 2290 ἐν
834 2221 1238 2313 ταῖςίκκλησίαιςκηρίτ-
1276 2220 1284 2301 i

132 2331 259 2393 τεσθαι
278 2324 338 2391 τὸν
355 2322 428 2392 υἱὸν
446 2329 509 2393 τοῦ
526 2327 633 2391 θεοῦ..
653 2328 766 2392 τοῦτο
784 2325 905 2409 μαθὼν
919 2320 1124 2417 Διονύσιος,
1152 2321 1239 2403 αὖτίς

132 2423 198 2512 γὰρ
223 2416 558 2512 είχε·τήν·μίριμναν
572 2426 638 2491 τῶν
659 2416 843 2513 ἐκκλησιῶν
862 2419 1012 2502 ἐκείνων,
1045 2424 1176 2509 πέμπει
1193 2427 1241 2492 καί

132 2520 356 2609 συμβουλεύει
375 2508 447 2602 ταῖς
466 2523 591 2602 αίτίαις
608 2519 812 2592 παύσασθαι
832 2527 892 2614 τῆς
908 2523 1125 2606 κακοδοξίας·
1148 2518 1193 2606 ὡς
1210 2527 1241 2594 ὀί

134 2619 196 2691 οὐκ
227 2618 412 2703 ἐπαίοντο,
437 2619 540 2691 αλλὰ
572 2627 627 2690 καί
661 2626 790 2707 μᾶλλον
828 2622 1063 2715 ἀναιδέστερον
1098 2622 1242 2716 ἠσέβουν,

22 2792 24 2797 ,
129 2719 328 2816 ἠναγκάσθη
346 2727 435 2813 πρὸς
453 2723 514 2813 τήν
533 2722 705 2791 ἀναίδειαν
725 2724 859 2813 ἐκείνων
871 2722 1005 2815 γράψαι
1016 2726 1078 2816 τήν
1091 2730 1242 2819 τοιαύτην

130 2823 332 2912 ἐπιστολὴν,
359 2829 415 2892 καί
433 2824 476 2891 τὰ
495 2819 699 2912 ἀνθρώπινα·
716 2829 777 2893 τοῦ
797 2832 948 2917 σωτῆρος
969 2826 1007 2893 ἐκ
1028 2832 1096 2895 τῶν
1112 2824 1241 2918 εὐαγγε-

112 2925 213 2993 ·λίων
236 2926 480 3015 παραθέσθαι·
511 2922 556 2990 ἵν’
577 2921 696 3013 soordi)
711 2926 957 3017 τολμηρότερον
970 2928 1242 2999 §retrocedente
1267 2912 1271 2923 Ι

126 3022 304 3113 ἠρνοῦντο,
340 3028 398 3092 καί
427 3023 470 3089 τὰ
502 3018 701 3112 ἀνθρώπινα
728 3023 832 3094 αἰετοῦ
854 3033 903 3117 aqi
926 3032 1033 3116 πατρί
1056 3026 1246 3107 daciscam

129 3123 240 3204 οὕτως
259 3114 358 3203 οὗτος
377 3123 506 3204 δείξας,
540 3126 596 3193 ὅτι
614 3120 710 3208 mixti
733 3127 864 3217 πατὴρ,
891 3123 967 3195 ἀλλ’
990 3122 1103 3209 suida
1122 3124 1240 3201 ἐστινὸ

127 3230 304 3315 γενόμενος
324 3220 412 3315 ὑπὲρ
434 3219 527 3314 ἠμῶν
553 3218 751 3316 ἅνθρωπος,
784 3228 888 3319 πείσῃ
906 3229 987 3309 τούς
1009 3223 1177 3313 ἆμαθεῖς,
1199 3229 1240 3319 μή
1280 3292 1284 3315 ,

128 3319 217 3395 είναι
237 3325 296 3394 τὸν
318 3326 450 3414 πατέρα
467 3322 556 3393 uida·
584 3332 641 3396 καί
666 3330 774 3409 οὕτως
790 3328 913 3398 λοιπὸν
929 3326 1005 3399 κατ’
1024 3324 1142 3420 ὀλίγον
1158 3333 1246 3403 ίκιίη
1279 3332 1284 3393 s

124 3451 203 3507 κους
223 3424 274 3506 είς
293 3428 353 3515 τήν
369 3423 534 3517 ἆληθινήν
555 3421 703 3521 ἆναγοίμη
723 3426 873 3519 θεότητα
896 3434 958 3497 τοῦ
974 3426 1078 3513 υἱοῦ,
1114 3439 1171 3505 καί
1188 3436 1241 3525 τήν
1282 3494 1284 3501 .

123 3531 246 3616 γνῶσιν
258 3526 318 3617 τήν
331 3532 413 3618 περὶ
425 3532 486 3595 τοῦ
499 3526 638 3617 πατρός.
687 3534 864 3614 Hierone,
884 3533 1040 3616 Dionysio
1056 3540 1238 3627 rationeque

124 3636 196 3713 ejus
217 3632 360 3697 certandi
381 3635 610 3719 comprobatis,
635 3633 829 3699 Athanasius
847 3635 1002 3723 ostendit,
1033 3636 1239 3718 Sabellianus,
1282 3690 1284 3745 Ι

123 3736 240 3818 quibus
261 3734 317 3795 isla
339 3735 371 3794 se
394 3735 557 3817 opposuit,
586 3733 626 3796 ad
647 3747 789 3821 patrem,
818 3756 883 3799 non
902 3736 948 3829 qit
966 3734 1006 3798 ad
1023 3736 1155 3823 Deum,
1179 3742 1239 3804 hu-
1282 3748 1284 3763 '

121 3854 218 3897 mana
236 3834 350 3899 Christi
363 3835 514 3896 retulisse.
568 3834 758 3917 Dionysum
781 3849 889 3898 autam
901 3852 1099 3922 perpetrem
1114 3844 1238 3907 intelle-

119 3937 201 3999 xisse
213 3936 349 4020 primam
368 3938 535 4020 personam
548 3936 676 4015 triadis,
695 3936 845 4024 quioquid
859 3958 972 4001 revera
984 3942 1166 4008 statuebant
1179 3942 1236 4006 Sa·-

119 4036 268 4113 belliani,
296 4056 369 4098 cum
390 4056 448 4120 per
466 4039 574 4117 omnia
592 4038 772 4117 fragmenta
791 4041 860 4118 ejus
874 4041 1010 4116 constat,
1031 4054 1104 4105 tum
1121 4043 1235 4107 smesi·
1273 4056 1278 4099 ι

119 4135 199 4201 betti
218 4137 474 4202 suiAthanasius
491 4137 571 4199 haec
590 4159 672 4223 quae
695 4122 1027 4247 sequuntur‘sarihans
1040 4141 1233 4233 damnosita-
1264 4110 1277 4391 ἠ

1265 4410 1269 4441 ι

1260 4450 1270 4733 s
