2572 4770
506 262 709 357 ntoayfim.
871 228 873 233 ’
1117 278 1166 348 27

49 442 227 533 epistulae,
257 461 329 514 cum
343 442 461 508 Paulus
480 445 514 507 in
535 445 675 530 epistolis
693 446 840 509 nonnihil
863 445 904 511 de
917 449 1168 517 revelationibus

50 549 119 611 luIs
133 543 341 625 indicaverit,
369 566 447 633 quas
460 544 600 631 quidem
620 548 675 610 ille
697 548 730 608 in
754 549 915 633 proprium
934 555 1088 614 volumen
1102 574 1183 619 non‘

51 649 178 714 retulit.
230 646 399 711 Praeterea
420 668 463 710 ex
483 645 622 713 dictione
643 649 706 733 ipla
726 649 838 725 conjici
858 654 978 732 potest,
1013 664 1168 736 quantum

56 748 265 829 evangelium
277 759 310 810 et
325 749 455 833 epistola
472 747 618 814 differant
632 752 671 811 ab
685 750 873 835 apocalypsi.
921 751 1003 815 Nam
1021 753 1077 814 illa
1092 754 1169 840 qui·-

60 848 139 912 dem
156 869 219 911 non
239 848 337 911 modo
357 847 542 935 emendate,
571 848 658 934 quod
678 847 719 911 ad
744 868 893 928 graecum
914 853 1091 915 sermonem
1113 866 1169 919 at·-

58 952 156 1028 tr'net,
183 970 297 1010 verum
316 951 413 1011 ctiam
436 972 508 1011 curn
529 952 651 1011 summa
671 951 828 1029 elegantia
842 963 912 1015 tum
928 953 963 1018 iu
978 956 1084 1017 verbis
1097 968 1169 1021 tum

54 1053 91 1116 in
113 1051 440 1132 argumentationibus
460 1061 493 1113 et
515 1053 550 1112 in
570 1063 637 1113 tota
663 1051 813 1113 orationis
842 1052 1069 1138 compulitione
1089 1076 1171 1143 per-

55 1155 172 1239 [cripta
187 1154 276 1231 lustr
302 1165 427 1215 tantum
446 1155 548 1230 abelt,
576 1163 612 1213 ut
632 1152 844 1215 barbarismus
861 1154 977 1243 aliquis
990 1167 1046 1216 aut
1062 1157 1171 1218 soloe-

56 1256 180 1319 cismus
199 1264 255 1315 aut
280 1251 419 1338 denique
438 1252 619 1316 idiotismus
640 1252 797 1339 quispiam
814 1254 849 1315 in
864 1254 931 1320 illis
944 1254 1172 1341 deprehenda-

56 1368 122 1422 tur.
174 1354 318 1440 Utroque
341 1356 427 1416 enim
444 1350 606 1439 praeditus
622 1364 690 1414 erat
706 1354 930 1435 evangelistes,
956 1356 1101 1422 sermone
1114 1359 1172 1421 ni·
1252 1347 1258 1361 ’

59 1456 182 1519 mirum
202 1475 239 1516 ac
261 1456 405 1534 scientia,
438 1476 511 1517 cum
530 1456 609 1516 haec
629 1452 694 1515 duo
715 1452 775 1537 ipli
799 1452 948 1522 dominus
969 1459 1170 1537 conceffillet,

59 1558 226 1619 scientiam
254 1556 349 1617 limul
376 1566 409 1623 et
435 1555 660 1642 eloquentiam.
715 1555 812 1619 Illum
838 1580 916 1620 vero
939 1561 1172 1629 revelationem

58 1656 196 1747 quidem
207 1655 336 1732 vidisse,
366 1667 398 1717 et
418 1656 581 1724 scientiam
597 1644 639 1718 'ac
656 1657 838 1722 futurorum
851 1640 1102 1743 praedictionem
1114 1681 1173 1725 ao-

59 1760 178 1847 cepiiie
202 1777 268 1825 uon
293 1759 433 1837 indcium
467 1777 582 1821 verum
608 1755 780 1818 dictionem
808 1761 876 1835 ejus
903 1780 967 1822 non
996 1761 1172 1829 admodum

58 1881 209 1942 grauem
230 1856 466 1939 animadverto,
492 1856 546 1923 ted
562 1858 763 1921 barbarismis
778 1868 873 1941 atque
890 1859 1052 1924 interdurn
1065 1866 1174 1930 soloe-

61 1963 172 2026 rismIs
192 1963 409 2052 inquinatam
447 1980 527 2045 quos
547 1957 677 2043 quidem
700 1980 783 2019 nunc
803 1978 973 2044 excerpere
1001 1962 1175 2049 haudqua-

62 2085 162 2151 quam
178 2064 299 2125 necesie
313 2063 368 2123 eit.
410 2059 521 2142 Neque
535 2060 622 2121 enim
636 2055 845 2124 subsannandi
859 2061 966 2121 anirno
981 2061 1058 2123 haec
1080 2084 1097 2124 a
1119 2084 1174 2127 me

61 2165 148 2231 dicta
161 2168 225 2228 elle
240 2163 407 2248 quisquam
422 2159 590 2236 existimet,
604 2157 657 2220 led
671 2160 776 2245 potius
792 2181 832 2220 eo
847 2160 985 2237 confilio,
1001 2174 1037 2222 ut
1050 2165 1175 2227 utrius-

63 2289 130 2353 que
144 2266 248 2351 lcripti
262 2259 552 2328 dislimilitudinem
568 2258 824 2345 expenderem,”
872 2261 1059 2325 Commotus
1078 2266 1177 2346 Igitur
1278 2332 1282 2349 ³

61 2368 263 2448 argumentis
277 2363 462 2443 dogmaticis
477 2362 601 2427 nonniti
618 2382 661 2424 ex
680 2363 875 2441 argumentis
894 2363 1027 2428 internis
1045 2364 1177 2449 Diony-'-
1266 2360 1277 2388 ‘

64 2468 282 2536 linsJohanni
301 2464 442 2552 apostolo
464 2464 666 2548 apocalypsin
685 2462 897 2543 abjudicavit,
928 2465 1003 2527 licet
1024 2468 1094 2544 ejus
1112 2488 1177 2530 au-
1244 2490 1249 2553 '.

65 2573 247 2637 ctoritatem
260 2569 448 2651 impugnare
460 2564 615 2643 noluerit,
645 2565 690 2626 ita
709 2577 745 2627 ut
764 2565 807 2627 in·
819 2586 868 2650 ep.
888 2563 928 2627 ad
946 2567 1178 2632 Hermammo-

67 2695 145 2737 nem
166 2669 253 2758 apud
266 2668 380 2737 Euleb.
401 2666 434 2728 h.
449 2684 477 2729 e.
494 2663 570 2746 VII,
587 2679 635 2733 tu.
661 2689 693 2752 p.
709 2673 769 2732 tss
793 2667 912 2753 apocal.
934 2678 1028 2757 caput
1046 2665 1141 2752 xm,
1158 2680 1176 2742 5

66 2771 257 2838 laudaverit.
1166 2788 1169 2795 ·

154 2869 253 2955 Quod
277 2867 325 2932 ad
356 2867 539 2931 criticam
568 2865 726 2945 lingula
753 2865 801 2929 ad
829 2869 953 2931 verba
983 2869 1180 2954 spactan-v

69 2989 149 3041 tem
172 2973 326 3059 pertinet,
355 2970 429 3055 quia
450 2970 485 3030 in
504 2965 700 3032 Griesbach‘ii
716 2967 856 3034 editione
877 2967 951 3051 (II.)
968 2968 1006 3032 N.
1022 2967 1059 3033 Τ.
1074 2952 1180 3041 noster
1231 2962 1235 2971 ’

67 3076 318 3161 haudquaquam
347 3071 418 3133 latis
445 3072 598 3150 allegatus
631 3071 694 3147 est,
728 3082 883 3155 quantum
902 3069 937 3131 id
960 3070 1029 3133 fleri
1052 3073 1182 3156 poterit,

69 3174 218 3256 Dionylii
241 3172 281 3240 N.
303 3173 341 3237 T.
367 3184 494 3240 textum
519 3191 593 3235 curu
620 3168 869 3237 Griesbachiano
894 3169 1033 3236 breviter
1065 3176 1182 3241 conis

68 3299 190 3346 remus,

117 3378 123 3393 ⁴
157 3375 296 3441 Marah.
310 3372 405 3451 XVI,
422 3384 460 3440 17
473 3372 611 3451 (allegat.
631 3368 707 3438 inde
730 3390 749 3431 a
766 3391 835 3434 voc.
849 3360 1029 3455 μακάριος)
1048 3374 1127 3454 legit
1140 3374 1182 3440 Ι).

71 3470 230 3563 οὐράνιος
261 3498 319 3562 pro
350 3471 385 3540 ἐν
421 3474 492 3548 τοῖς
524 3464 677 3558 οὐρανοῖς
705 3477 772 3557 (ap.
795 3472 911 3537 Euleb.
932 3472 1007 3552 VII,
1032 3478 1106 3554 ἓως
1137 3475 1181 3537 ib.

69 3577 236 3658 XXVIII,
253 3591 272 3645 2
287 3587 360 3639 ante
374 3566 570 3660 προςελθὼν
584 3573 659 3652 legit
670 3573 726 3634 καὶ
745 3572 848 3658 (epist.
865 3593 976 3637 canon.
996 3595 1046 3658 ap.
1062 3572 1183 3637 Ronth.

69 3680 117 3760 II,
135 3682 236 3758 387),
255 3676 430 3739 nonhabet
444 3665 513 3741 dard
525 3663 721 3762 τῆςθύρας,
751 3685 892 3740 ceterum
911 3675 1094 3759 comprobat
1104 3684 1184 3741 text·-

71 3793 145 3846 rum
171 3776 455 3844 Griesbachianum
483 3795 514 3838 v.
542 3786 646 3840 1-6
675 3771 730 3856 (ad
756 3795 826 3839 voe.
853 3761 945 3847 alna,
973 3777 994 3839 l.
1018 3775 1077 3854 l.);
1106 3774 1186 3838 iren

72 3881 193 3948 Marc.
206 3877 302 3956 XVI,
320 3891 334 3948 1
351 3875 440 3954 (inde
456 3898 475 3939 a
489 3897 557 3939 voc.
571 3864 752 3961 ἠγόρασαν)
768 3889 800 3940 et
812 3891 831 3943 2
844 3878 880 3961 (l.
894 3878 916 3938 l.
931 3898 962 3960 p.
977 3876 1064 3951 389).
1096 3872 1186 3938 Lu-

70 4004 145 4048 cae
167 4003 235 4067 cap.
254 3976 383 4053 ΧΧΙΠ,
400 3989 437 4042 56
462 3981 495 4056 (a
513 3999 580 4040 voc.
599 3971 654 4055 τὸ)
673 3989 704 4039 et
720 3977 848 4056 ΧΧΝ,
865 3990 892 4047 t.
914 3987 933 4040 2
956 3971 1078 4039 ibidem
1101 3977 1187 4041 atto*-

72 4084 182 4167 gavit,
213 4093 247 4145 et
268 4101 300 4147 v.
322 4093 336 4146 1
360 4068 469 4164 ἦλθον
489 4079 592 4164 poluit
612 4098 696 4165 pone
716 4078 828 4161 μνῆμα
850 4087 883 4140 et
904 4076 1008 4141 ornifit
1027 4070 1085 4145 καί
1099 4098 1188 4153 mag

73 4180 138 4252 οὖν
157 4176 285 4258 αὐταῖς.
341 4180 426 4246 ton.
446 4179 473 4261 I,
494 4193 510 4245 t
536 4200 637 4266 usque
657 4178 699 4241 ad
719 4174 803 4242 θεὸν
822 4183 888 4264 (ep.
911 4176 952 4241 ad
974 4177 1070 4253 Dion.
1090 4179 1186 4245 Rom.
