2572 4770
89 224 137 358 Ι14
176 330 182 347 ·
308 284 312 289 ’
471 279 558 374 Cap.
582 280 616 351 1.
668 276 818 351 criticas

87 461 279 546 magalia,
300 478 382 550 quta
398 462 463 527 iola
477 463 513 526 in
525 461 673 525 universe
687 457 751 524 Dei
767 458 912 539 ecclefia3
939 479 1024 546 quaa
1036 459 1092 526 iub
1109 461 1201 530 coelo

75 560 152 645 eit,
183 565 259 627 citra
279 563 523 627 controversiam
541 563 769 628 admittuntur:
797 562 938 648 primum
959 562 1076 626 scilicet
1094 584 1202 628 evan-

88 665 210 748 gelium
237 665 386 750 scriptum
407 664 469 726 eise
491 684 510 726 a
531 664 712 742 Matthaeo,
744 664 834 749 prius
861 661 992 749 quidam
1017 665 1199 749 publicano,

87 769 195 854 postea
212 787 290 830 vero
303 767 443 850 apostolo
457 766 528 829 Jesu
544 764 676 842 Christi,
706 763 762 850 qui
783 761 865 825 illud
886 763 1035 827 hebraico
1053 766 1222 829 sermone¹

88 867 433 954 conscriptumtudaeis
448 865 489 929 ad
504 865 602 928 fidem
618 865 774 927 convaciis
788 864 972 949 publicavit.
1013 864 1202 930 Secundum

87 971 184 1053 fnisse
198 970 377 1056 accepimus
390 968 592 1047 evangelium
602 965 718 1044 Marci,
740 966 811 1051 qui,
832 978 927 1053 prout
937 965 1051 1030 Petrus
1062 966 1123 1054 ipsc
1135 988 1202 1031 ex-

86 1074 250 1159 posuerat,
276 1071 314 1139 in
328 1069 436 1132 literas
447 1068 566 1131 retulit.
615 1066 725 1152 Atque
747 1067 858 1132 iccirco
878 1067 992 1131 Petrus
1010 1069 1045 1130 in
1067 1068 1201 1155 epistola

88 1173 243 1237 catholica
258 1192 332 1234 eum
346 1171 449 1232 filium
469 1170 561 1230 suurn
582 1168 729 1247 agnoscit
746 1215 779 1232 ..
828 1166 974 1230 Tertium
994 1162 1201 1249 euangelium

87 1270 215 1358 Lucae,
250 1269 337 1358 quod
359 1290 378 1331 a
398 1269 497 1334 Paulo
522 1264 780 1346 commendatur,
818 1270 852 1329 in
876 1269 1008 1348 gratiam
1030 1270 1200 1351 gentilium

88 1374 306 1459 mnscriptum.
348 1369 546 1432 Postremum
558 1391 635 1433 vero
649 1370 1014 1449 evangeliumJohannis
1035 1368 1120 1449 ‘’(de
1135 1393 1199 1456 quo

88 1473 175 1563 apud
197 1473 369 1535 Eusebium
389 1473 410 1533 l.
430 1473 451 1534 1.
471 1471 507 1532 in
521 1471 602 1532 libro
616 1470 658 1535 V.
674 1472 909 1555 expofitionum
927 1473 961 1532 in
974 1470 1046 1535 Joh.
1098 1470 1200 1550 „Jam

87 1575 214 1654 ver0,’'
242 1576 302 1651 ait,
332 1570 439 1657 „quid
461 1568 633 1633 dicendum
654 1572 699 1632 eit
718 1570 759 1633 de
780 1593 836 1651 eo,
866 1573 920 1657 qui
940 1574 976 1634 in
996 1571 1066 1634 ssnu
1084 1569 1201 1635 christi

87 1674 249 1751 recubuit,
269 1673 442 1737 Johanne?
485 1671 550 1751 Qui
572 1670 704 1758 quidem
723 1694 824 1734 unum
842 1674 970 1758 reliquit
985 1673 1199 1753 evangelium,

87 1775 213 1839 tametfi
225 1776 362 1837 fateatur
376 1775 463 1854 (Joh.
480 1770 575 1849 XXI,
591 1773 667 1851 25),
688 1784 736 1834 tot
749 1775 780 1835 se
795 1775 892 1836 libros
908 1777 1038 1837 scribere
1053 1776 1198 1858 potuisse,

89 1874 168 1963 quot
180 1895 237 1937 nec
252 1875 336 1938 orbis
350 1877 415 1962 ipse
428 1887 584 1938 terrarum
598 1876 699 1957 poisat
714 1875 884 1937 continere.
894 1875 937 1956 ”).
989 1874 1117 1939 Constat
1133 1876 1201 1958 igi-

88 1987 142 2039 tur
156 1974 197 2036 de
209 1972 337 2049 ordine,
361 1997 424 2062 quo
439 1974 480 2038 de
494 1972 643 2055 Origenis
654 1977 809 2037 sententia
824 1977 989 2057 evangelia
1002 1981 1105 2041 nostra
1120 1981 1201 2042 ieri-

88 2088 144 2165 pta
167 2076 245 2154 fint,
272 2078 458 2160 praesertim
477 2096 549 2138 cunr
567 2072 680 2136 eadem
699 2076 767 2138 fere
778 2077 985 2141 inveniantur
999 2080 1034 2141 in
1048 2078 1200 2161 Origenie

86 2178 203 2242 homil.
216 2175 292 2240 Vll.
308 2177 341 2238 in
356 2176 484 2239 Joruam
498 2176 562 2236 vui.
579 2174 622 2236 11.
643 2197 674 2258 p.
689 2182 771 2240 412:
802 2177 1025 2242 ’'Sacerdotali
1038 2183 1114 2244 tu'ba
1127 2182 1200 2266 pri-

5 2312 9 2322 ·
88 2300 163 2343 mua
188 2279 223 2340 in
248 2278 413 2356 evangelio
433 2280 488 2338 suo
509 2276 691 2338 Matthaeus
710 2277 882 2363 increpuit,
912 2278 1038 2344 Marcus
1059 2302 1198 2367 quoqne,

87 2377 195 2463 Lucas
221 2387 254 2439 et
273 2375 437 2438 Johannes
456 2376 520 2437 suis
545 2376 675 2454 singulis
696 2378 784 2440 tubis
804 2379 1048 2445 iacerdotalibus
1070 2383 1199 2446 cecine-

88 2490 173 2543 runt.
183 2524 204 2554 „
249 2474 372 2538 Pariter
384 2488 529 2562 apparet,
553 2477 757 2555 evangelium
768 2479 922 2543 Matthaei
939 2482 1078 2562 Origene
1092 2481 1198 2560 judice

86 2577 235 2645 hebraice
255 2577 404 2662 scriptum
425 2580 506 2654 eise,
540 2597 636 2660 quam
662 2577 798 2641 eandem
818 2583 1008 2645 sententiam
1028 2595 1197 2649 retractare

87 2682 193 2748 noster
214 2674 356 2756 videtur,
388 2678 443 2739 ubi
456 2677 612 2739 Hebraeis
633 2675 667 2738 id
687 2679 834 2764 scriptum
861 2687 923 2744 eise
946 2683 1039 2761 dicit,
1069 2684 1196 2751 Comm.

87 2782 123 2845 in
143 2780 215 2843 Joh.
238 2776 331 2840 Tum.
352 2776 410 2841 VI.
439 2782 463 2860 i.
489 2790 535 2844 17.
562 2776 627 2840 vol.
648 2776 706 2857 IV,
733 2792 792 2846 1³2
822 2771 1017 2865 (ἀρξάμενοι
1044 2776 1198 2853 ἀπὸτοῦ

87 2873 294 2953 Ματθαίου,
330 2867 370 2953 ὃς
393 2878 449 2940 καὶ
472 2872 702 2959 παραδέδοται
730 2881 863 2968 πρῶτος
884 2883 949 2946 τῶν
973 2884 1103 2951 λοιπῶν
1125 2893 1197 2968 τοῖς

1 3034 4 3039 ,
86 2975 238 3067 ἑβραίοις
263 2974 480 3043 ἔκδεδιοκέιαι
511 2971 720 3063 εὐαγγέλιον,
762 2985 833 3058 τοῖς
857 2979 893 3048 ἐκ
921 2986 1106 3074 περιτομῆς
1131 3012 1196 3055 πι-

86 3074 275 3161 στεύουσιν)
288 3082 450 3144 etComm.
465 3081 497 3141 in
506 3080 578 3142 Joh.
594 3085 693 3166 praef.
709 3104 759 3167 ap.
768 3085 922 3149 Huetium
937 3088 1051 3151 vol.lI.
1064 3113 1095 3175 p.
1108 3102 1135 3156 5.
1152 3090 1194 3159 D.

85 3183 197 3269 Neque
217 3169 295 3243 vero
316 3181 382 3265 ipse
404 3181 590 3245 hebraicum
611 3184 704 3244 illum
720 3182 919 3248 Matthaenm
938 3186 1066 3250 videtur
1085 3195 1194 3278 poise-

86 3282 182 3360 ‹litte3
210 3282 264 3344 ubi
278 3281 366 3345 enim
381 3278 420 3342 de
435 3281 615 3362 integritate
630 3285 692 3346 loci
706 3282 819 3348 Matth.
833 3286 927 3366 xlx,
946 3303 982 3355 19
1004 3290 1127 3357 dubitat
1144 3300 1194 3378 (in

84 3381 284 3448 Matthaeum
300 3380 423 3446 comm.
438 3385 501 3445 vol.
517 3383 576 3462 HI,
595 3389 688 3464 671),
716 3407 781 3449 non
803 3390 837 3449 in
858 3402 1000 3454 ruentem
1021 3395 1079 3457 tibi
1092 3401 1193 3475 venit,

52 3460 60 3487 ⁸
85 3494 213 3549 textum
233 3484 417 3546 hebraicum
442 3486 611 3549 consulere.
661 3488 796 3551 Plurimi
817 3502 924 3552 autem
942 3496 1087 3559 omnium
1100 3496 1194 3565 duxit

84 3584 243 3667 OrIgenes
256 3583 456 3661 evangelium
469 3585 633 3650 iohannis.
684 3587 893 3669 ,‚Maj0rea,'’
920 3594 1024 3680 inquit
1040 3603 1140 3681 praefi
1157 3603 1194 3665 in

83 3686 159 3752 Joh.
175 3709 224 3774 ap.
240 3687 337 3748 Huet.
354 3681 396 3746 Π.
416 3706 447 3768 p.
464 3694 490 3747 5.
511 3686 553 3764 E,
577 3691 872 3778 „perfectioresque
886 3689 926 3753 de
941 3694 1012 3758 Jeiu
1029 3699 1192 3764 sermones

84 3792 231 3852 reservat.
279 3787 394 3852 Nullus
414 3788 501 3847 enim
522 3791 651 3852 illorum
670 3790 750 3855 adeo
772 3815 851 3879 pure
871 3796 1086 3860 manifestavit
1102 3802 1191 3864 illiue

85 3887 305 3966 divinitatem,
334 3900 369 3948 ut
388 3887 567 3969 Johannes,
599 3894 716 3977 quippe
739 3895 794 3980 qui
813 3892 944 3956 inducat
958 3897 1051 3959 illum
1076 3898 1192 3964 dicen*

83 3999 169 4051 tem:
195 3992 263 4070 Ego
283 3992 352 4051 sum
371 3990 430 4051 lux
447 3990 576 4069 mundi3
602 4012 660 4071 ego
672 3995 740 4054 sum
752 3995 821 4072 via,
848 3997 964 4058 veritas
980 4010 1012 4058 et
1024 3999 1108 4079 uita3
1130 4024 1189 4082 ego

84 4090 156 4155 ium
181 4092 382 4171 resurrectio,
417 4112 475 4173 ego
503 4084 721 4171 samnitium,
755 4116 812 4175 ego
830 4100 898 4158 sum
920 4101 1023 4182 pastor
1047 4103 1190 4167 bonus.”

84 4183 215 4257 truatur
231 4189 310 4254 haec
334 4194 499 4275 evangelia
517 4195 666 4258 canonica
686 4211 913 4261 commemorat
926 4221 1052 4287 quoque
1067 4201 1190 4288 Orige-
