2572 4770
324 222 495 315 Origenes
520 220 665 317 (Auges.
681 237 715 292 et
729 190 972 324 Daoazbnot).
1003 190 1006 194 ¹
1124 229 1201 319 215

89 399 279 489 aequissimo
292 400 495 469 moderatore
510 403 656 467 omnium
669 402 864 469 credendum
880 407 926 468 est
936 403 1021 470 Deo.
1030 413 1051 484 ,,“
1100 403 1143 469 Et
1155 404 1200 472 ib.

90 509 118 588 d.
132 511 163 570 4.
185 527 218 590 p·
233 515 271 571 75
286 505 387 591 pergit
397 527 407 568 ε
419 505 448 555 .”
456 504 549 570 Licet
563 525 627 567 non
640 506 678 568 lit
690 508 831 567 nostrum
843 507 897 567 rel
908 506 1003 582 scire,
1030 505 1083 567 vel
1096 526 1202 590 quae-.-

89 627 161 669 rere
179 606 234 691 qui
252 607 302 668 illi
322 618 410 669 actus
429 606 568 685 fuerint,
597 628 655 692 per
674 629 754 693 quos
770 607 803 667 in
820 607 914 669 istum
929 605 1074 668 ordinem
1088 606 1201 685 venire

88 707 277 771 meruerint.
329 704 394 770 Sed
412 707 474 769 hoc
497 717 621 771 tanturn
640 710 717 774 scire
735 705 847 770 sufficit
867 707 908 768 ad
925 704 987 770 Dei
1006 707 1201 792 aequitatem

89 819 123 870 et
135 809 286 886 justitiam
301 805 596 887 demonstrandam,
626 811 700 896 quia
720 806 893 872 secundum
911 799 1101 870 sententiam
1116 828 1201 893 apoq-

88 909 161 971 stoli
177 905 269 973 Pauli
289 913 497 995 personarum
516 909 656 994 acceptio
676 931 743 1002 non
763 913 808 973 est
822 908 907 996 apud
921 908 1046 987 Deum,
1068 907 1200 993 quipo-

88 1010 153 1073 tius
174 1011 284 1073 omnia
306 1032 365 1095 pro
384 1008 507 1074 meritis
524 1011 721 1090 singulorum
741 994 1000 1097 profectibusqne
1026 1005 1196 1093 dispensat.

85 1110 201 1196 Neque
218 1104 293 1192 e'rgo
312 1112 499 1190 angelorum
512 1109 653 1174 officium
665 1103 723 1174 nffi
739 1132 781 1174 ex
794 1112 910 1174 merito
929 1111 1062 1188 constat,
1090 1127 1197 1196 neque

85 1215 259 1298 potestates
278 1211 399 1273 nisiex
418 1212 565 1297 prosectu
581 1215 638 1275 suo
657 1225 756 1294 agunt
772 1214 974 1299 potestatem,
996 1232 1101 1298 neque
1113 1230 1197 1298 quae
1241 1266 1245 1276 .

85 1314 295 1376 nominentur
306 1310 415 1386 sedes,
440 1311 474 1374 id
494 1314 539 1375 est
556 1312 718 1393 judicandi
735 1315 789 1375 vel
805 1310 936 1394 regendi
954 1315 1139 1399 potestates,
1160 1309 1197 1377 id

80 1408 200 1491 nisiex
213 1413 337 1476 meritis
352 1410 589 1495 administrant,
618 1436 723 1501 neque
745 1414 980 1480 dominationes
999 1423 1105 1475 contra
1118 1416 1196 1475 mess·

83 1516 183 1578 ritum
200 1513 421 1592 dominantur,
448 1526 481 1576 et
501 1517 547 1578 est
567 1536 652 1583 unus
673 1517 730 1578 iste
752 1517 894 1578 summus
914 1525 947 1576 et
964 1512 1196 1576 excellentissi-

83 1637 158 1680 mus
181 1614 260 1678 ordo
277 1616 312 1677 in
331 1615 520 1678 coelestibus
534 1617 731 1701 rationabilis
746 1629 908 1680 creaturae
921 1615 1053 1696 gloriosa
1067 1611 1196 1701 officio-

81 1739 155 1785 rum
177 1718 330 1779 varietate
350 1713 556 1800 dispositus„
614 1716 662 1780 Cs.
685 1715 725 1778 de
744 1717 844 1805 princ.
861 1716 888 1795 I,
907 1726 936 1794 5,
954 1727 983 1782 3.
1004 1738 1035 1800 p.
1052 1726 1109 1794 66,
1135 1713 1195 1777 ubi

81 1815 125 1879 ad
140 1818 367 1903 quaestionem,
381 1818 487 1898 angeli
500 1819 596 1881 sancti
611 1840 652 1882 an
667 1821 791 1904 semper
804 1817 901 1881 sancti
915 1819 1038 1880 fuerint
1052 1829 1083 1879 et
1095 1816 1193 1879 sancti
1217 1876 1220 1883 .

80 1918 143 1979 fint
154 1917 316 2000 sanctique
330 1919 430 1981 saturi
443 1921 520 1998 lint,
542 1931 575 1981 et
586 1939 691 2004 neque
707 1920 885 2004 receperint
898 1938 1059 2003 unquam,
1086 1936 1192 2002 neque

79 2018 222 2103 recipere
241 2020 404 2101 potuerint
423 2020 542 2104 peccati
562 2021 686 2100 locum,
714 2017 759 2080 ita
777 2015 945 2104 respondet
960 2016 1132 2096 Origenes,
1154 2027 1192 2081 ut
1265 2058 1268 2063 ·

79 2116 182 2201 dicat,
208 2119 397 2197 angelorum
415 2118 632 2184 conditionem
651 2118 809 2182 moralem
831 2119 870 2180 ab
891 2115 1011 2180 arbitrii
1031 2115 1191 2202 proposito

76 2219 230 2310 pendere.
584 2297 586 2300 Ι

164 2322 215 2385 Ex
234 2320 356 2401 angelis
374 2318 429 2384 alii
450 2323 485 2400 (e
506 2320 650 2384 versione
662 2318 854 2400 Hieronymi
871 2315 912 2380 de
934 2315 1032 2402 princ.
1044 2313 1106 2394 ΙΠ,
1123 2318 1190 2394 ⁵‚t
1221 2345 1224 2349 ’

75 2447 110 2512 p.
124 2427 203 2502 150)
218 2424 237 2456 ’'
247 2425 288 2485 ob
301 2426 436 2495 salutem
448 2442 576 2501 eorum,
598 2420 653 2506 qui
666 2418 863 2498 ceciderunt,
877 2418 961 2481 missi
972 2419 1006 2480 in
1018 2413 1189 2494 mundum,

75 2525 133 2589 alii
148 2536 234 2586 certa
253 2525 398 2587 obtinent
416 2524 488 2587 loca'
506 2534 540 2586 et
557 2521 671 2584 mundi
692 2520 924 2584 necessitatibus
941 2517 1113 2597 obediunt,
1133 2518 1190 2581 alii

73 2629 219 2705 injuncta
231 2626 288 2687 fibi
302 2620 405 2687 officia
417 2624 548 2707 lingulis
562 2625 739 2711 quibusque
753 2621 968 2708 temporibus,
997 2639 1079 2705 quae
1096 2616 1189 2681 novit

72 2728 187 2807 Deus,
219 2726 329 2790 sedula
351 2736 461 2788 mente
481 2737 653 2805 tractant„
700 2725 844 2789 lllunus
872 2720 1030 2800 angelis
1058 2716 1188 2803 praeci-

71 2851 178 2917 puum
196 2827 231 2891 id
250 2831 296 2891 est
315 2825 417 2890 aDeo
441 2823 688 2902 demandatum,
718 2835 753 2886 ut
772 2823 885 2904 singuli
897 2820 1091 2902 singularum
1102 2838 1187 2898 gen-

71 2933 156 2993 tium
170 2950 221 2991 res
234 2925 442 2991 moderentur
453 2925 756 3006 (Deuter.XXXII,
772 2935 799 2991 8.
816 2936 834 2990 9
848 2921 971 2988 etDan.
986 2919 1048 2998 IX,
1063 2933 1112 2985 20.
1126 2930 1186 2999 213
1260 2971 1264 2979 .

71 3029 120 3107 X,
139 3041 175 3097 13
190 3030 302 3092 homil.
315 3026 460 3092 XXXV.
475 3027 598 3092 inLuc.
614 3029 678 3088 vol.
686 3025 745 3101 111,
761 3030 848 3106 974).
878 3025 927 3090 Cf.
941 3018 1186 3098 homi1.v111,2
1223 3052 1225 3057 ⁴

70 3132 109 3195 in
116 3129 217 3196 Exod.
228 3132 291 3194 vol.
300 3127 343 3206 ΙΙ,
360 3138 430 3194 1⁵7.
458 3126 622 3214 Imprimis
635 3150 662 3190 c.
676 3124 756 3189 Cels.
766 3126 809 3204 V,
824 3138 863 3194 28
879 3127 945 3210 sqq.
962 3145 992 3185 v.
1003 3122 1029 3200 Ι,
1040 3134 1100 3189 598
1115 3123 1182 3208 sqq.

70 3234 133 3294 lrac
149 3230 190 3294 de
203 3252 238 3294 re
251 3230 408 3311 Origenes
423 3231 574 3316 loquitur.
623 3225 747 3306 Singuli
758 3226 888 3306 singulis
903 3223 1184 3310 aogelispopulia

69 3333 145 3398 Deo
165 3331 230 3394 dati
253 3334 325 3394 sunt
341 3344 502 3416 tempore,
530 3350 594 3415 quo
613 3327 710 3390 turris
728 3326 923 3406 Babylonica
946 3312 1184 3389 exaedificaba-

70 3446 125 3497 tur
150 3435 208 3513 (ib.
232 3437 320 3517 pso.
351 3454 382 3517 p.
408 3443 468 3497 699
490 3433 551 3517 iq,
589 3433 627 3494 ci.
651 3429 762 3491 homil.
785 3426 846 3505 XI,
867 3433 886 3492 4
907 3427 942 3487 in
959 3429 1090 3493 Numer.
1113 3423 1180 3490 vol.
1234 3489 1241 3505 ,

68 3534 115 3614 ΙΙ,
130 3539 218 3614 807).
273 3533 345 3596 Jam
367 3530 479 3618 populi
500 3524 520 3611 „
528 3531 568 3592 ab
586 3531 653 3594 istis
674 3527 795 3610 angelis
817 3530 857 3606 (c.
873 3527 950 3592 Cels.
966 3531 988 3592 l.
1004 3530 1025 3591 l.
1042 3551 1073 3614 p.
1091 3529 1181 3606 600),

67 3636 126 3722 qui
138 3634 299 3721 propriam
314 3634 486 3719 unicuique
499 3654 613 3695 eorum
627 3634 770 3712 linguam
784 3628 988 3705 indiderunt,
1014 3628 1049 3688 in
1067 3624 1182 3688 diver-

66 3739 117 3799 sas
132 3736 270 3821 proluis
285 3735 408 3796 meritis
426 3745 530 3795 terrae
551 3744 657 3817 partes
681 3730 811 3795 abducti
825 3734 917 3811 lunt,
944 3733 988 3793 ita
1004 3741 1039 3791 nt
1053 3727 1088 3790 hi
1102 3728 1182 3812 qui-

66 3834 145 3898 dem
157 3837 191 3897 in
204 3836 367 3915 regionem
387 3836 575 3911 aestuosam,
603 3834 651 3896 isli
669 3835 703 3895 in
722 3833 819 3895 aliam
838 3834 910 3895 suos
928 3832 1045 3911 frigore
1059 3828 1180 3901 incolas

66 3936 279 4013 cruciantem,
308 3937 363 3998 alii
381 3938 416 3997 in
435 3920 720 4015 cultudifficilem,
748 3935 803 3996 alii
825 3936 861 3996 in
880 3933 964 3995 cultu
988 3931 1177 4012 faciliorem,

64 4039 121 4101 elii
134 4036 168 4096 in
187 4038 262 4098 seris
276 4041 446 4115 refertum,
475 4038 530 4098 alii
552 4037 585 4097 in
602 4037 708 4097 minus
724 4038 862 4099 serarum
879 4037 1051 4096 habentem
1070 4029 1178 4122 dedn-

64 4149 252 4220 cenentur„
305 4137 447 4202 ”lilansrt
471 4139 598 4217 (hornil.
620 4136 681 4202 Xl.
702 4139 737 4200 in
761 4136 856 4202 Num.
878 4134 899 4196 l.
919 4135 959 4213 l.)
984 4135 1093 4215 lingua
1116 4153 1178 4221 per
1257 4172 1262 4177 ·

1175 4448 1220 4502 A
