2572 4770
377 277 547 370 Origeaea
571 275 857 372 (cirristologinp
1100 287 1175 359 267

56 472 126 525 tem
147 457 312 522 necessitas
336 458 595 545 propitiationem
612 458 760 545 requirit,
776 472 825 523 οι
848 459 1030 546 propitiatio
1048 479 1114 527 non
1137 468 1176 536 ht

57 562 120 626 nisi
135 582 193 647 per
205 558 355 637 hostiam,
384 559 591 622 necessarium
611 560 675 620 suit
691 558 854 644 provideri
872 561 1007 624 hostiam
1019 582 1077 646 pro
1092 585 1176 650 pee-

59 676 159 741 cato„
183 664 284 741 (hom.
299 658 427 737 XXIV,
444 672 459 726 t
481 659 517 725 in
529 659 663 724 Numer.
681 658 902 741 vuilharii).
951 663 972 695 ‘’
979 664 1122 727 Venerat
1137 664 1176 732 in

58 767 146 829 hunc
159 759 318 822 mundum
331 757 493 838 Salvator,
521 770 559 821 ut
582 782 640 846 pro
660 759 795 845 peccatis
814 761 926 824 nustria
943 767 1177 833 cornemium

56 865 188 949 offerret
213 859 348 922 hostiam
365 858 465 932 Deo„
490 860 594 937 (hum.
612 858 687 932 v11,
711 873 724 926 t
751 858 786 921 in
803 860 911 924 Levit.
932 863 998 926 voi,
1019 861 1063 940 ΙΙ,
1084 868 1178 948 220),0

60 955 109 1040 ὡς
124 954 414 1044 irritarentur,
435 951 479 1022 ἵν’
496 948 562 1047 ἔρῃ
576 955 636 1044 τὴν
648 951 815 1046 ἁμαρτίαν
826 962 888 1026 τοῦ
903 953 1030 1043 κόσμου
1042 967 1081 1042 (c.
1092 965 1173 1034 cett.

57 1064 104 1141 11,
122 1077 171 1129 ιο.
192 1071 320 1146 ρ.895;
350 1061 391 1124 es.
412 1060 533 1125 inJoh.
550 1063 614 1124 vol.
629 1060 689 1138 IV,
707 1073 758 1127 21.
777 1066 843 1141 22).
895 1060 1008 1147 ltaque
1028 1065 1110 1127 nulli
1128 1068 1176 1133 est

58 1167 144 1231 salua
158 1163 216 1224 nisi
229 1162 264 1223 iu
279 1161 428 1241 sunguine
441 1160 556 1226 christi
573 1163 676 1242 (hom.
690 1160 750 1239 III,
768 1171 784 1226 5
804 1163 838 1223 in
854 1160 916 1225 Jos.
933 1161 1172 1250 v.11,4ot)t).

144 1262 310 1328 Sententia
328 1262 425 1341 igitur
448 1261 598 1344 Origenie
620 1261 661 1326 de
684 1282 782 1349 opere
803 1260 917 1325 Christi
938 1263 1019 1327 haee
1044 1265 1175 1335 videtur

60 1369 142 1433 esset
169 1365 235 1443 Eo,
262 1361 347 1449 qnod
374 1361 501 1425 animae
522 1364 701 1442 humanae,
728 1374 762 1425 et
779 1373 853 1425 ante
870 1375 904 1425 et
919 1365 1084 1449 postquam
1097 1389 1175 1431 eor-

58 1489 138 1558 pora
152 1463 358 1541 intraverint,
376 1454 516 1548 peccatis
529 1466 592 1528 seio
606 1467 876 1544 contaminarunt,
904 1486 923 1528 a
935 1466 1095 1530 sanctitate
1109 1466 1176 1534 Det

60 1576 134 1635 sunt
153 1568 348 1632 abalienatae
368 1574 401 1626 et
420 1563 539 1627 diaboii
557 1564 693 1651 imperio
711 1564 893 1651 adscriptae.
941 1565 1025 1628 Huic
1042 1587 1096 1631 eae
1111 1567 1196 1634 tle-⁸

57 1671 157 1735 traxit
177 1667 334 1743 Christus,
368 1663 424 1750 qui
449 1665 535 1728 solua
558 1675 626 1727 erat
648 1666 770 1751 peccati
796 1687 929 1752 expers,
964 1667 1042 1730 dum
1068 1683 1181 1738 morte·
1246 1729 1248 1735 ,

58 1774 115 1837 tua
137 1767 194 1849 *ἢ
220 1766 361 1854 pretium
383 1762 615 1852 redemptionis
641 1763 770 1832 diabolo
792 1764 881 1831 dedit
901 1780 936 1831 et
954 1769 1089 1835 hostiam
1107 1774 1175 1839 sese

107 1903 110 1911 .

96 2037 124 2104 ⁸)
151 2031 381 2100 Etiamnum,
412 2037 446 2086 ut
470 2028 501 2085 id
524 2025 653 2085 breviter
674 2037 847 2103 tangamur,
878 2027 1019 2104 Origenea
1047 2030 1173 2091 eredidit

134 2118 316 2173 Christum
334 2125 490 2185 peecata
508 2116 628 2170 nostra
652 2115 794 2188 lugere.
836 2118 884 2173 sic
908 2116 1173 2190 homit.v11,2ia

129 2205 226 2260 Levit.
242 2201 298 2256 voi.
313 2204 353 2270 11,
367 2202 437 2258 221:
463 2202 626 2256 ”Saivmor
639 2213 765 2273 meur„,
790 2205 850 2272 ait,
876 2201 980 2276 ’'iuget
1000 2207 1173 2264 etiamnuua

128 2298 252 2363 peccata
272 2304 347 2342 mea.
389 2288 523 2343 Salvator
541 2304 622 2344 meua
637 2289 742 2343 laetari
756 2306 814 2342 uon
832 2293 939 2361 potest,
967 2291 1171 2366 doneeegoia

129 2375 286 2448 iniquitate
307 2389 476 2445 permaneo.
517 2378 615 2448 Quare
632 2393 693 2430 non
714 2372 825 2446 potesis
861 2379 937 2448 Quia
956 2380 1014 2449 ipse
1027 2382 1067 2433 eii
1082 2382 1174 2434 advo·

129 2474 212 2519 eatae
232 2476 285 2531 pro
304 2463 432 2529 peoeatit
455 2461 556 2515 nostrie
578 2462 655 2530 apud
675 2471 828 2531 patrem„
871 2464 1026 2518 Praeterea
1039 2467 1173 2534 ”adsistit

129 2568 208 2606 nune
227 2547 317 2600 vultui
337 2547 410 2613 Dei,
433 2547 689 2617 interpellans
712 2565 775 2619 pro
793 2544 918 2619 nobit,
943 2551 1050 2604 adsistit
1070 2553 1172 2622 altari,

130 2647 165 2691 ut
174 2634 445 2704 repropitiationem
457 2650 510 2704 pro
522 2634 605 2688 nobie
618 2632 723 2688 offerat
737 2636 830 2703 Deo„
845 2632 920 2702 (ih).
956 2636 999 2689 Ad
1009 2650 1062 2690 noa
1076 2635 1172 2692 deseri

20 2706 24 2717 ’
127 2725 221 2798 petria
235 2718 379 2775 beneficia
400 2727 430 2771 et
448 2717 607 2774 sacerdotia
625 2732 708 2773 more
729 2719 837 2771 nostrat
858 2719 895 2771 ad
915 2718 1059 2775 summum
1072 2724 1171 2781 Deum

122 2811 242 2882 perfert
259 2821 362 2876 precer
382 2807 421 2873 (c.
439 2802 510 2860 Ceis.
524 2795 576 2870 111,
590 2802 631 2858 dh
650 2818 677 2874 p.
692 2801 766 2870 469).
809 2802 891 2857 Unde
904 2799 1044 2860 ”videtur
1057 2807 1092 2861 de
1112 2808 1171 2864 sai·

131 2904 232 2949 vatore
245 2894 410 2962 paracletus
425 2888 483 2941 dici
496 2889 692 2959 deprecator„
710 2891 758 2958 (de
772 2891 865 2960 prino.
878 2887 918 2959 Ii,
932 2888 960 2959 7,
975 2893 1002 2945 4.
1019 2907 1047 2962 p.
1061 2891 1117 2960 93).

93 3002 138 3071 θ’)
158 3001 208 3054 De
231 2994 406 3048 descensu
426 2991 470 3044 ad
487 2991 634 3044 inseror
655 3009 680 3045 e.
700 2992 773 3046 Cels.
787 2993 826 3058 11,
840 2992 885 3047 48.
904 3008 934 3063 p.
949 2992 1001 3046 419
1022 2993 1096 3048 haee
1118 2989 1172 3051 itt·

130 3085 197 3141 irata
215 3081 388 3151 „Chrisiua,
407 3078 507 3131 anirna
522 3091 642 3144 corpore
656 3085 759 3138 exuta,
786 3092 853 3128 oum
871 3078 955 3130 nudis
971 3091 1093 3151 corpore
1107 3080 1173 3138 ani·
1204 3110 1207 3115 ν

128 3148 232 3228 artabus
245 3166 392 3237 colloquia
406 3164 510 3216 hahuit
524 3171 553 3215 et
567 3163 604 3215 ad
618 3167 648 3217 se
664 3154 806 3216 convertit
822 3179 889 3229 aar,
919 3168 1173 3241 praevaluerunt,
1190 3230 1200 3243 ο

130 3269 183 3313 aut
197 3272 268 3328 quaa
283 3253 370 3306 certia
385 3251 559 3322 quibusdam
575 3249 736 3303 rationibus
756 3247 809 3302 sibi
829 3247 905 3301 nott·
922 3250 992 3303 vidit
1005 3253 1041 3305 ad
1055 3255 1104 3308 sue
1118 3253 1172 3308 do·

129 3351 268 3400 contenta
303 3338 395 3407 magia
425 3334 572 3388 idoneaa”
603 3338 662 3408 (ani
686 3340 777 3412 γυμνῇ
805 3329 935 3410 σώματος
963 3328 1115 3410 γενόμενος
1132 3361 1170 3383 ι-

128 3434 168 3489 sc.
184 3425 312 3484 Christus
326 3452 363 3467 -
380 3420 472 3495 ψυχῇ,
501 3425 562 3483 ταῖς
580 3425 701 3493 γυμναῖς
720 3413 858 3494 σωμάτων
877 3413 972 3492 ὁμίλει
989 3425 1092 3494 ψυχαῖς
1104 3419 1169 3478 snt·

128 3517 260 3590 στρίφωυ
274 3507 410 3564 κάκείνων
421 3506 470 3568 τὰς
480 3509 651 3578 βουλομένας
663 3503 733 3579 πρὸς
745 3505 847 3576 uitia,
865 3504 882 3577 ἢ
897 3503 931 3571 ἃς
945 3499 1034 3579 suipra,
1058 3507 1098 3562 δι’
1119 3503 1169 3570 oisc

128 3598 190 3674 ἤδη
208 3593 290 3658 αὐτὸς
309 3591 423 3666 λόγους,
460 3593 701 3664 ἐπιτηδειοτέρας).
753 3588 915 3647 Horati-IL
935 3595 965 3647 tn
988 3589 1089 3662 laag.
1110 3591 1170 3650 toi.

127 3685 251 3756 11,th
270 3681 473 3751 ‚,Chriiiur'’,
493 3680 548 3746 ait,
563 3674 739 3746 „descendit
753 3677 791 3731 ed
801 3677 927 3742 inieroa3
946 3677 1014 3748 qnid
1029 3672 1167 3731 aeturus?

128 3776 313 3834 rietururne,
332 3782 368 3817 en
384 3782 401 3817 ι
415 3773 508 3817 morte
523 3764 699 3818 vincendus?
726 3763 881 3817 Desoendit
893 3764 930 3816 ad
944 3764 993 3815 iiia
1005 3760 1085 3829 loca,
1104 3779 1166 3818 non

128 3869 268 3932 tauquam
289 3855 384 3906 servae
405 3865 523 3917 eorum,
556 3852 607 3922 qni
623 3851 665 3903 ibi
685 3860 784 3917 erant,
810 3851 858 3903 sed
877 3857 1016 3920 tanquam
1030 3843 1166 3904 dominun

130 3950 330 4003 decertaturus
344 3932 394 4007 (ὥς
407 3928 543 4004 δεσπότης
557 3935 722 4003 παλαίσων).
740 3968 747 3988 a
789 3935 959 4002 Descendit,
979 3942 1012 3988 tat
1026 3929 1168 3989 liberaret

129 4024 289 4102 (σώσων).”
325 4022 363 4078 Et
375 4061 393 4092 „
404 4014 459 4075 suit
475 4020 552 4074 filius
566 4021 639 4088 Dei,
658 4021 728 4075 iicet
740 4022 771 4074 sn
784 4018 976 4077 subterraneis
991 4010 1107 4088 degeret
1121 4013 1167 4076 io·

130 4119 191 4180 eia,
208 4123 241 4168 nt
257 4127 343 4169 omne
356 4123 431 4178 genn
444 4106 655 4162 flectereturin
674 4107 791 4164 nomine
804 4108 885 4177 iesn,
905 4103 1088 4176 coelestium,
1105 4111 1167 4161 tor·

128 4201 262 4258 restrium
275 4191 522 4254 atiniaraorurn”
537 4189 591 4264 tib.
603 4208 634 4262 p.
647 4192 724 4260 iffi).
756 4272 788 4346 a
