2572 4770
362 252 544 339 Μάγοισι
570 242 816 338 (slteologr'a).
1074 257 1158 322 Μ’

45 435 205 507 ereatura,
230 446 298 490 vox
313 436 407 507 tuna,
435 427 606 490 autetiam
626 447 694 491 vox
707 428 830 490 iunctm
841 427 897 491 vel
908 422 1157 514 incorruptibilia

43 528 101 589 rel
119 540 284 608 aeternum
311 547 417 614 neque
433 548 511 591 vero
524 548 567 591 ex
585 548 625 590 eo
642 525 729 613 quod
744 527 939 608 homonyme
953 525 1158 596 administra·-

44 618 121 690 torii
137 629 278 713 spiritua,
300 649 336 692 ac
351 629 449 691 nostri
461 650 588 716 quoque
604 629 730 717 spiritua
744 640 800 690 aut
812 628 907 690 sancti
922 631 1158 701 vocatisuerint

46 742 105 791 ant
122 730 259 807 aeterni,
281 727 428 791 concludi
441 734 559 815 potest,
579 752 654 795 eum
667 727 841 793 secondum
854 741 998 792 naturam
1014 754 1077 796 non
1093 737 1159 800 effe

45 849 162 891 rerum
181 828 323 914 spiritum
338 829 418 910 Dei-3
446 850 522 893 nam
540 833 594 894 vel
614 832 648 895 in
670 832 744 917 ipsis
761 831 1002 916 loquutionibus
1024 838 1159 922 arcanis,

48 951 131 1017 quae
150 927 191 991 de
209 930 267 993 illo
286 930 388 993 dictae
405 932 494 1010 sont,
519 932 681 995 invenitur
697 931 829 995 omnino
842 929 980 1017 aliquid,
1003 936 1087 1022 quod
1102 937 1161 1001 di-

46 1033 159 1095 vinam
178 1034 247 1109 ejua
265 1043 411 1095 naturam
430 1053 467 1095 ac
487 1036 663 1119 potentiam
681 1033 871 1098 manifestat.-
913 1031 1083 1101 creaturae
1095 1058 1161 1103 au-

46 1145 116 1195 tem
129 1130 363 1216 superadditam
376 1133 512 1218 ipsarum
526 1147 657 1198 naturae
668 1135 864 1199 sanctitatem
875 1144 970 1219 atque
982 1140 1160 1203 aeternita-

49 1246 118 1297 tem
137 1246 343 1318 acceperunt,
367 1255 404 1297 ac
423 1256 587 1321 nunquam
606 1238 661 1299 ista
680 1257 722 1299 ex
738 1237 769 1297 se
785 1234 859 1320 ipsis
875 1233 1047 1299 seeundum
1059 1253 1161 1304 natu.

48 1357 121 1398 ram
141 1336 320 1396 habuerunt
335 1336 410 1397 ullo
429 1335 565 1400 modo.”
618 1337 786 1401 Praeterea
807 1337 988 1413 „testantur
1012 1340 1069 1418 (ib.
1084 1363 1111 1408 c.
1127 1355 1159 1411 3.

50 1459 84 1522 p.
105 1439 179 1515 tre>
198 1434 306 1497 diviua
324 1436 469 1514 oracula,
496 1438 584 1501 varia
602 1441 666 1501 else
683 1459 720 1502 ac
734 1435 857 1499 diversa
875 1436 1001 1521 spiritns
1016 1439 1080 1506 Dei
1093 1466 1162 1523 no-

49 1538 159 1617 rnine,
186 1534 315 1600 divinae
325 1538 481 1615 majestati
493 1538 735 1615 convenientia,
766 1557 847 1623 quae
861 1558 927 1600 non
941 1539 1039 1605 modo
1055 1545 1162 1613 alsatia

50 1651 147 1702 antea
168 1639 314 1725 capitalia
337 1649 433 1723 atque
453 1636 778 1701 animadversionibus
796 1639 963 1703 sublimem
977 1641 1073 1708 aliam
1085 1648 1164 1732 spe-
1238 1702 1241 1711 .

52 1741 136 1814 ciem
156 1751 188 1801 et
204 1740 368 1825 emphasin
385 1737 473 1801 haud
493 1738 652 1801 modicam
666 1738 851 1818 conferunt,
880 1751 974 1825 atque
994 1745 1165 1812 habitudi-

51 1860 131 1903 nem
153 1837 294 1919 (σχέσιν)
313 1840 406 1923 supra
428 1840 537 1900 omnia
559 1840 733 1916 elevatam,
762 1850 831 1900 eta
851 1851 941 1923 patre
961 1863 997 1904 ac
1015 1847 1083 1908 filio
1097 1871 1165 1914 non

53 1936 241 2017 disjunctam
258 1949 291 2000 et
303 1939 415 2024 quavis
430 1940 485 2000 vel
500 1938 832 2018 magnificentiffima'
822 1944 1083 2024 interpretatione
1099 1970 1166 2034 po-

51 2042 171 2102 tiorem
176 2026 379 2120 ';ostendunt
403 2041 634 2104 verumetiam
657 2059 768 2102 eorum
787 2039 849 2101 alia
868 2038 999 2125 quidem
1021 2043 1166 2116 divinam

52 2145 126 2217 ejus
138 2150 294 2218 naturam,
308 2142 370 2203 alia
381 2161 457 2204 vero
470 2141 630 2228 propriam
643 2159 713 2217 erus
722 2142 909 2227 potestatem
920 2143 1114 2228 exprimunt,
1128 2170 1166 2214 ac
1245 2176 1253 2202 r

53 2241 194 2303 nostram
207 2243 430 2324 consolantur
420 2243 653 2327 impotentiam,
669 2241 724 2327 qui
734 2261 793 2326 pro
812 2241 928 2305 merito
941 2243 1031 2307 illam
1045 2251 1167 2337 asseqtti

54 2351 113 2404 aut
125 2352 274 2402 textuum
286 2342 498 2427 explicatione
512 2354 568 2414 aut
581 2343 701 2405 mantia
715 2342 983 2426 contemplatione
995 2368 1061 2410 non
1070 2348 1169 2413 va1e4

55 2463 140 2520 mus,
154 2442 335 2504 etenimum
341 2444 434 2506 nobis
446 2442 578 2523 addunt,
592 2456 629 2506 ut
637 2463 711 2505 eum
723 2439 1169 2517 consideratoraclineerrandi

55 2545 199 2630 periculo
208 2534 388 2622 ὁμοούσιον
396 2545 467 2629 Deo
475 2545 659 2608 vocemus.’'
676 2537 821 2623 ’Όιιοιου
832 2543 890 2621 (ib.
899 2565 930 2628 p.
943 2549 1082 2628 180)καί
1094 2540 1180 2618 ἴσουι

55 2635 99 2709 ed
113 2637 206 2727 ἅγιον
221 2643 352 2723 πνεῦμα
365 2644 426 2730 τῆς
435 2645 497 2710 τοῦ
510 2640 638 2727 πατρὸς
649 2641 705 2707 καὶ
720 2644 781 2708 τοῦ
794 2645 993 2728 μονογενοῦς
1002 2643 1170 2737 θεότητος

59 2744 118 2808 καὶ
131 2740 167 2808 ἐκ
176 2743 237 2827 τῆς
247 2743 314 2806 τῶν
324 2737 660 2809 τοιούτωυιοίκυυται
668 2741 808 2830 κρίσεως
815 2737 897 2809 αὐτὸ
906 2746 947 2833 τῇ
960 2740 1061 2831 φύσει
1070 2742 1171 2835 ἅγιό-

57 2868 120 2932 σης
134 2845 190 2909 καὶ
206 2837 378 2930 dyadem
388 2844 446 2907 καὶ
459 2838 600 2926 δύναμις
615 2836 766 2930 ὑπάρχον
781 2839 840 2909 ὅτε
855 2838 891 2910 ἓν
904 2836 942 2911 ὃν
957 2841 994 2910 ἐκ
1005 2851 1068 2914 τοῦ
1083 2843 1169 2932 ἑνός.

60 2947 144 3028 „llic
156 2947 282 3031 spiritua
295 2947 418 3007 sanctus
433 2945 490 3023 (ib.
499 2953 529 3011 4.
546 2968 577 3030 p.
590 2953 648 3012 tat
661 2947 753 3031 sqq)
770 2945 1050 3032 quidivinomodo
1062 2956 1173 3020 omnia

60 3048 221 3110 collustrat
233 3044 379 3124 (πυευμα
390 3034 665 3132 ὕπερπαμφαὲς),
679 3047 883 3109 exinelsabili
896 3039 1033 3129 (drrd‘
991 3072 1106 3138 της
1064 3049 1174 3144 ἀζρή-
1234 3050 1238 3061 ’

59 3150 138 3230 σου)
147 3158 178 3209 et
186 3147 469 3232 supersubstantiali
482 3137 717 3229 (ὕπερουσιου)
729 3157 762 3209 et
775 3159 850 3209 ante
863 3169 975 3226 omnes
987 3154 1174 3225 substantiae

63 3253 207 3314 exstante
222 3240 440 3332 (προουσὶσυ)
462 3258 496 3311 et
508 3246 678 3309 universali
693 3244 908 3334 (κοθολικῆς)
928 3261 962 3312 et
972 3253 1096 3319 formae
1108 3279 1174 3322 ex-

62 3364 154 3441 perta
171 3340 359 3434 (ἀμόρφου)
371 3359 503 3434 patema
514 3348 672 3433 hypostasi
688 3367 747 3435 per
762 3345 965 3415 identitatem
988 3345 1173 3443 (ἓυοοιδῶς)

32 3447 40 3461 ”
62 3467 98 3518 et
111 3454 268 3515 unitatem
280 3460 410 3512 naturae
423 3447 615 3533 (συμφυοις)
629 3449 668 3510 ab
682 3462 812 3513 aeterno
825 3442 1003 3539 (αχρόνως)
1014 3461 1172 3541 processit,

64 3553 292 3618 etnomrnatus
304 3550 349 3612 est
359 3547 504 3628 divinus,
517 3561 550 3613 et
563 3569 645 3613 traua
660 3552 715 3629 est,
727 3572 793 3614 non
806 3554 1033 3640 multiplicatus
1046 3547 1177 3643 (ἀπλή-

63 3656 221 3733 θυυσου),
252 3653 373 3730 bonus,
399 3650 585 3730 magnificus
608 3636 807 3735 (elpram),
839 3655 1010 3720 inaccessus
1029 3651 1177 3744 (ἀπρός-
1213 3714 1241 3745 ·,

65 3757 172 3835 ιτου),
191 3752 280 3813 nulla
292 3751 377 3837 potis
390 3751 600 3833 intelligentia
615 3753 822 3819 circumscribi
839 3747 1087 3843 (dnapiypocpor
1102 3752 1178 3823 troi·-

66 3872 146 3926 σοις
164 3846 350 3938 υσήσεσιυ),
377 3851 502 3914 ιιιιὶιιιιο
521 3853 663 3937 potentia
683 3853 846 3941 praeditur
865 3847 1176 3978 (daemomonum),
1276 3897 1280 3912 ι

66 3953 241 4018 ineffabilis
254 3941 492 4033 (ἀνέκλεκιου),
517 3953 666 4034 singulari
678 3954 776 4019 modo
788 3969 822 4021 et
835 3958 928 4020 unico
940 3958 1078 4022 existens
1093 3952 1178 4043 (ltd-

65 4071 135 4130 ror9
152 4045 331 4138 ὑπάρχου),
359 4064 393 4115 et
413 4052 526 4117 natura
547 4074 620 4115 curn
638 4056 781 4138 sanctus,
808 4071 880 4121 turn
895 4044 1024 4143 spiritua
1039 4058 1118 4140 Dei,
1143 4073 1179 4131 et

65 4155 109 4253 ιιι,
121 4173 232 4220 rerum
252 4153 399 4221 omnium
420 4154 513 4221 censu
533 4175 599 4221 non
621 4156 838 4225 numerandae
850 4152 945 4242 (otta
958 4149 1074 4230 lasea
1086 4154 1178 4241 utu
