2572 4770
177 338 181 349 “
277 325 614 439 origenarfflngel.
628 340 665 415 ''et
679 345 920 443 Bactrianos).
1079 368 1154 433 227

43 525 213 607 laxantur3
249 526 304 612 qui
323 524 443 614 utiqne'
455 526 639 590 nullatenus
660 526 852 608 sinerentur,
886 530 910 594 si
928 532 1071 631 integrae
1091 561 1155 606 eo-

41 647 136 703 rum,
178 627 256 689 sicut
284 626 373 712 prius
402 629 548 708 fuerant,
589 629 785 691 subsisterent
820 630 962 712 legiones
978 661 1018 716 3„
1057 651 1156 728 atquo

44 729 87 790 ob
107 726 143 788 id
164 727 267 813 ipsum
285 725 447 790 diabolum
468 737 502 791 et
521 725 694 819 daemones
714 729 783 814 (qni
800 731 969 824 hominum
983 733 1156 810 virtutibus

45 828 241 907 cruciantur,
270 826 449 913 quibusque
462 826 630 892 -homil
647 826 791 907 xxvtl,
811 843 829 896 8
849 832 884 894 in
904 824 999 900 Num.
1023 843 1087 906 vol.
1107 842 1154 927 II,

47 939 109 996 878
121 963 164 975 -
177 928 298 1014 ”super
317 927 424 1027 ompin
440 929 485 989 est
503 938 735 991 tormentorum
753 951 870 1011 genera
885 945 918 996 et
933 939 1026 1024 super
1040 962 1156 1010 ornnes
1249 988 1252 995 ι

43 1006 183 1117 poenas,
212 1028 352 1115 siquem
369 1025 501 1090 videant
520 1031 619 1091 verbo
639 1027 701 1091 Dei
720 1053 850 1117 operam
872 1033 963 1115 dare,
991 1040 1157 1111 scientiam

47 1128 178 1193 divinae
200 1130 279 1223 legis
300 1140 333 1191 et
346 1129 493 1210 mysteria
508 1130 731 1215 scripturarum
748 1133 1003 1207 intentisstudiis
1017 1144 1157 1228 perqui-
1189 1128 1194 1139 ¹

44 1241 202 1311 rentem3'
218 1230 254 1291 in
271 1230 332 1292 hoc
350 1249 462 1292 eorum
476 1231 582 1295 omnis
592 1231 723 1294 flamma
738 1233 798 1311 est,
825 1233 859 1294 in
874 1233 932 1298 isto
947 1251 1081 1305 uruntur
1096 1244 1155 1307 in·-

20 1400 24 1409 ,
45 1329 178 1410 cendio,
209 1330 360 1416 quoniam
385 1327 517 1415 quidem
533 1330 730 1411 ignorantiae
752 1336 893 1398 tenebris
910 1337 1068 1404 humanas
1091 1346 1157 1407 ob-

43 1435 246 1496 scuraverant
264 1441 406 1509 mentes,
441 1441 474 1492 et
494 1431 574 1493 haec
596 1435 816 1515 obtinuerant,
851 1449 888 1499 ut
910 1435 1000 1503 Deus
1023 1441 1157 1528 quidem

42 1534 260 1616 ignoraretur,
281 1530 321 1593 ad
333 1530 416 1617 ipsos
426 1551 503 1595 vero
518 1529 619 1595 divini
630 1535 733 1596 cultus
745 1533 845 1598 studia
859 1542 1156 1629 transferrentur„,
1237 1581 1241 1597 ι

44 1648 80 1700 et
100 1657 154 1722 qu.
170 1637 214 1720 sq.
238 1642 271 1695 et
290 1633 536 1716 praecesserunt)
557 1633 649 1696 ”non
668 1636 805 1697 removit
825 1635 915 1700 Deus
937 1662 955 1701 a
974 1643 1155 1731 principatu

43 1736 143 1802 seculi
157 1737 271 1820 hujus,
295 1733 369 1818 qnia
383 1730 488 1794 adhuc
504 1752 586 1816 opus
599 1737 643 1796 est
659 1754 756 1820 opera
769 1739 836 1813 ejus
851 1735 1000 1819 (diaboli)
1021 1742 1060 1804 nd
1076 1766 1157 1830 par..

43 1840 221 1903 sectionem
242 1854 371 1913 eorum,
398 1831 452 1918 qui
473 1832 650 1895 coronandi
668 1837 754 1916 sunt,
783 1857 864 1922 opus
878 1841 922 1900 est
939 1839 1043 1904 adhuc
1057 1865 1156 1930 opera

44 1944 116 2020 ejus
141 1936 183 2001 ad
202 1933 353 1999 exercitia
377 1932 587 1996 certaminum
608 1945 639 1994 et
660 1934 807 1998 victorias
828 1937 1022 2019 beatorum„
1048 1944 1154 2021 (born.

43 2042 142 2122 XIII,
156 2055 175 2107 7
190 2042 225 2102 in
239 2038 335 2103 Num.
350 2056 381 2098 v.
396 2032 439 2112 11,
456 2045 536 2113 820;
559 2034 600 2096 ct.
612 2033 701 2097 horn.
715 2034 792 2114 XV,
809 2047 825 2102 5
843 2038 876 2098 in
891 2037 954 2101 Jos.
972 2060 1002 2100 v.
1019 2038 1061 2119 II,
1075 2050 1157 2109 434:

43 2144 152 2210 ”Ideo
168 2142 257 2206 Deus
278 2135 390 2200 dicitur
404 2135 605 2223 permittere,
621 2134 698 2197 'irno
720 2146 753 2197 et
772 2136 904 2224 incitare
923 2139 1159 2224 propemodum

38 2244 241 2312 ¹adversarias
267 2241 402 2302 virtutes
424 2238 513 2299 exire
533 2232 701 2299 adversum
726 2257 785 2299 nos
806 2239 840 2299 in
859 2240 1035 2323 proelium,
1069 2255 1158 2310 utet

43 2369 107 2412 nos
122 2343 289 2408 victoriam
305 2341 482 2426 capiamus,
503 2347 536 2399 et
548 2336 623 2399 flue
637 2336 801 2399 interitum
819 2340 1110 2426 consequantur„).
1150 2423 1152 2428 Α

49 2504 54 2517 ,
130 2446 285 2511 ”Patrem
293 2441 461 2517 malitiae„
479 2438 515 2516 (i.
527 2457 555 2498 e.
569 2434 794 2516 diabolum,
816 2450 929 2525 utpote
945 2452 1067 2527 patrem
1079 2466 1158 2527 rna-

43 2548 152 2627 litiae,
182 2543 334 2633 quamdiu
354 2541 427 2603 talis
449 2538 508 2618 est)
532 2537 669 2622 '’posse
696 2539 864 2618 salvari,
904 2560 945 2602 ne
965 2542 992 2603 is
1013 2543 1156 2630 quidem,

45 2652 104 2740 qui
123 2660 232 2712 mente
255 2649 299 2710 est
320 2655 449 2730 captur,
478 2636 582 2699 dicere
600 2639 729 2723 potest„
752 2643 819 2724 (ep,
835 2637 875 2701 ad
891 2640 1067 2706 Alexandr.
1089 2649 1155 2713 rol.

44 2752 73 2834 Ι,
97 2756 141 2832 5).
186 2745 251 2812 Sed
267 2745 412 2810 diabolus
433 2761 500 2803 non
519 2739 656 2824 amplius
668 2739 729 2801 erit
741 2739 911 2827 aliquando
930 2743 1066 2821 (etiamsi
1086 2748 1157 2830 post
1247 2780 1252 2788 ·

43 2854 149 2917 multa
175 2848 308 2913 demum
339 2845 457 2921 secula)
492 2837 657 2918 diabolum
699 2840 872 2927 imperium
904 2843 1001 2928 ipsius
1028 2841 1158 2908 delebi-
1185 2859 1192 2870 '

43 2969 109 3022 tur,
175 2952 306 3016 ”Etiam
334 2948 521 3011 novissimus
547 2943 695 3005 inimicus
726 2942 782 3023 (de
811 2945 909 3028 princ.
936 2943 994 3024 111,
1017 2957 1046 3025 6,
1071 2957 1099 3012 5.
1123 2961 1159 3017 6.·

44 3083 79 3149 p.
97 3059 192 3136 154),
220 3053 275 3139 qui
294 3073 381 3113 mors
395 3046 588 3135 appellatur,
609 3042 726 3106 destrui
745 3042 875 3123 dicitur,
898 3057 933 3107 ut
951 3066 1054 3131 neque
1071 3049 1157 3114 ultra

44 3163 134 3228 triste
154 3158 192 3219 sit
210 3151 348 3238 aliquid,
377 3151 432 3212 ubi
451 3169 538 3210 mors
553 3169 616 3209 non
632 3148 692 3223 est,
715 3136 820 3231 neque
835 3144 1003 3207 adversum
1020 3148 1073 3224 sit,
1101 3151 1157 3216 ubi

44 3283 115 3327 „011
134 3233 179 3322 ἐτι
197 3255 356 3318 inimicus.
406 3248 533 3314 Destrui
552 3251 625 3309 sane
642 3246 1040 3328 novissrrnus-inirnicusita
1055 3251 1159 3316 intel·-

43 3359 195 3446 ligendus
217 3358 277 3436 est,
311 3373 377 3415 non
400 3363 435 3412 ut
456 3350 622 3412 substantia
641 3350 727 3425 ejus,
763 3367 844 3433 quae
866 3345 974 3434 ayDeo
994 3350 1077 3413 facta
1099 3356 1158 3435 est,
1263 3412 1267 3427 Ι

43 3474 180 3556 pereat,¹
207 3455 262 3520 sed
290 3465 323 3515 ut
348 3451 545 3538 propositum
572 3462 605 3512 et
626 3451 775 3511 voluntas
800 3448 944 3527 inimica,
979 3471 1060 3535 quae
1089 3472 1156 3516 non

45 3566 171 3643 aDeo,
197 3557 252 3623 sed
271 3557 309 3617 ab
328 3553 394 3637 ipso
409 3553 569 3637 processit,
596 3549 742 3611 intereat.
789 3548 974 3612 Destruetur
996 3572 1069 3631 ergo
1088 3555 1156 3618 non

44 3678 163 3730 utnon
175 3663 227 3739 sit,
249 3652 303 3720 sed
316 3665 352 3714 ut
366 3651 514 3714 inimicus
527 3673 591 3713 non
605 3651 642 3712 srt
654 3662 687 3710 et
698 3670 794 3713 mors.
838 3651 927 3718 Nihil
943 3651 1029 3711 enim
1044 3653 1157 3714 omni..

43 3764 172 3856 potenti
191 3755 382 3846 impossibile
403 3753 465 3832 est,
492 3774 550 3815 nec
566 3751 739 3814 insanabile
759 3753 804 3813 est
822 3748 943 3838 aliquid
955 3750 1067 3813 factori
1081 3752 1156 3836 su03

44 3877 215 3956 propterea
236 3851 323 3924 enim
344 3855 421 3917 serit
444 3854 551 3915 omnia
571 3865 606 3916 ut
628 3854 744 3928 essent,
772 3865 803 3913 et
822 3874 903 3937 quae
925 3853 1097 3914 factasunt
1118 3867 1157 3921 ut

44 3971 164 4045 essent,
188 3985 252 4025 non
270 3961 332 4022 esse
349 3979 413 4018 non
428 3957 593 4041 possuntt„
635 3952 752 4017 Omnia
768 3952 824 4014 libi
837 3951 926 4013 Deus
942 3956 1157 4021 reconciliabit

44 4068 176 4153 ”usqne
193 4061 233 4126 ad
248 4061 453 4125 novissimum
468 4056 649 4131 inimicum,
677 4053 730 4137 qui
746 4050 858 4111 dicitur
871 4073 972 4128 mors,
1002 4065 1036 4112 ut
1055 4056 1155 4122 etiam
1239 4092 1243 4102 ·

43 4166 111 4255 ipse
134 4165 328 4238 destruatur,
362 4179 402 4221 ne
423 4162 503 4222 altra
526 4158 563 4218 sit
581 4154 737 4216 inimicus.
750 4142 788 4227 „‘
818 4151 857 4212 ln
877 4152 930 4210 illa
952 4162 1059 4216 auteur
1078 4159 1157 4242 epi..

10 4342 26 4355 ⁸
42 4268 142 4350 stola,
183 4262 394 4348 cujusrerba
418 4260 514 4347 paulo
540 4267 632 4319 antea
659 4251 865 4420 trapidimum
900 4247 1034 4330 Origeni
1058 4256 1094 4321 in
1115 4278 1155 4326 00

726 4357 736 4382 '
757 4367 778 4422 2
