2572 4770
83 406 87 415 Ι
157 307 355 403 Origenes
378 304 542 401 (Theos,
567 292 696 399 Augei.
713 320 748 377 et
765 308 1008 405 Daemones).
1070 326 1140 396 etr

64 484 244 553 memores
257 486 510 567 essedebemus,
536 489 639 574 praef.
654 486 695 552 ad
711 489 732 554 i.
748 484 788 552 da
801 492 900 576 princ.
914 497 939 577 s.
954 501 984 561 4.
1007 520 1038 583 p,
1054 511 1095 568 48
1110 507 1151 569 ab

63 586 179 673 bn’gene
199 602 351 675 tanquam
370 585 447 650 sidei
465 589 633 651 articulum
655 591 859 676 apostolicum
875 593 1154 683 (ideoque-omni.

63 688 321 771 succedendum)
335 688 490 775 proponi:
519 691 676 754 ”Honore
697 712 732 755 uc
753 690 907 773 dignitate
925 698 1006 780 patri
1027 704 1150 772 achlin

63 791 188 855 brintum
210 787 411 853 tradiderunt
429 788 573 876 spiritum
587 794 774 871 sanctum‚‚,
800 792 833 855 id
847 794 933 881 quod
949 793 989 859 de
1007 816 1151 872 creatura

63 892 124 957 rusia
144 890 207 956 dici
227 895 340 979 potest.
386 890 440 953 Est
461 890 590 976 quidem
610 893 705 954 etiam
725 894 781 955 ista
799 896 954 980 praefatio
972 904 1151 971 eversione

63 986 182 1076 sudoia3
211 992 318 1057 sedin
339 1013 376 1055 ee
394 991 532 1055 Rufinus
554 993 690 1072 genuina
706 992 855 1074 Origenis
875 999 971 1060 verba
987 999 1150 1071 tradidisse

63 1088 189 1159 heudo·
218 1096 280 1174 est,
315 1114 391 1155 nam
415 1093 491 1185 licet
512 1093 585 1180 piae
603 1092 725 1158 mandis
746 1093 901 1159 Rufinum
925 1102 1147 1189 accusaverim,

63 1194 257 1265 nudrdentae
280 1192 500 1282 impudentiae
522 1214 597 1259 aum
620 1197 765 1258 occursare
786 1195 936 1283 equidem
961 1223 1028 1266 non
1047 1208 1148 1274 susti·-

63 1298 171 1362 inerim.

113 1429 252 1509 Jamjam
263 1440 410 1516 apparet,
432 1449 604 1514 quamnam
624 1427 672 1492 da
693 1431 1055 1519 trinitateOrigenes
1068 1444 1147 1510 sen-

62 1531 166 1597 mh'am
186 1531 343 1597 habuerit.
393 1526 502 1591 Antea
519 1550 597 1592 vero
620 1551 715 1615 quam
736 1533 893 1597 summam
918 1535 1146 1625 disquisitionis

62 1633 214 1696 rarissime
243 1631 469 1708 exhibeamus,
504 1626 715 1708 adjungemus
742 1653 915 1718 perpauca,
949 1661 1031 1723 quae
1052 1645 1147 1730 supra

62 1753 140 1797 rcum
158 1755 222 1796 non
242 1732 448 1795 invenerunt.
489 1728 633 1793 ”Omnis
643 1779 679 1809 ,‚‚
707 1730 811 1816 inquit
832 1732 872 1795 de
898 1738 995 1821 princ.
1020 1740 1048 1821 I,
1071 1753 1144 1824 8,4
1255 1798 1260 1809 .

62 1882 65 1895 r
79 1845 117 1900 61
133 1834 168 1914 (a
181 1833 325 1895 versione
337 1828 467 1917 quidem
474 1825 601 1908 Rufini,
617 1834 705 1908 cujus
715 1851 792 1893 vero
806 1836 903 1897 verba
918 1838 1032 1903 haecce
1045 1843 1146 1914 fidem

61 1934 149 1999 reteri
162 1931 321 2009 videntur,
338 1932 411 2019 quia
424 1929 570 2017 proxime
585 1928 806 2015 praecedentia
820 1936 916 1997 verba
932 1939 1033 2002 nihilo
1045 1941 1146 2009 disse-

61 2036 156 2101 rntab
173 2030 296 2097 eisdem
309 2052 419 2112 graece
433 2030 628 2111 asservatis),
648 2030 803 2092 ”scientia
820 2030 861 2095 de
874 2045 964 2119 patre
980 2043 1146 2109 revelante

61 2138 100 2203 so
116 2138 152 2201 in
165 2135 273 2223 spiritu
292 2136 397 2196 sancto
417 2131 627 2212 cognoscitur,
649 2140 684 2192 ut
701 2131 795 2194 ambo
810 2136 907 2215 haec,
929 2159 1012 2222 quae
1027 2142 1146 2207 secun-

61 2260 110 2303 un
123 2237 313 2325 prophetam
336 2235 469 2315 (Hahac.
485 2230 545 2312 III,
563 2245 583 2299 2
598 2230 712 2317 LXX)
729 2234 784 2295 vel
797 2235 971 2301 animantia
987 2242 1041 2305 vel
1058 2242 1145 2310 vitae

63 2351 198 2416 cuntur,
216 2338 304 2399 causa
319 2332 535 2398 scientiaeDei
550 2333 648 2419 patris
663 2333 806 2399 existant.
816 2384 836 2415 „
879 2336 1003 2404 Eodem
1015 2342 1087 2407 loco
1100 2380 1145 2396 -

61 2460 113 2504 rae
129 2436 241 2501 similis
255 2439 299 2498 est
314 2435 469 2499 sententia
481 2469 524 2487 «-
547 2433 593 2497 eie
606 2434 730 2515 verbis,
755 2457 836 2523 quae
850 2438 947 2503 etiam
960 2461 1071 2521 graece
1084 2445 1145 2508 su-

61 2541 176 2616 triuut,
206 2537 392 2627 opinionem
411 2536 549 2619 magistri
572 2536 702 2599 hebraei
723 2542 923 2625 comprobat,
945 2562 986 2603 ex
1001 2565 1063 2631 qua
1076 2542 1141 2611 duo

60 2638 233 2724 iseraphi
255 2635 338 2724 apud
361 2638 498 2705 seratam
512 2633 605 2716 VLS
624 2634 664 2699 de
685 2638 753 2703 filio
770 2639 832 2705 Dei
854 2653 886 2704 et
905 2641 1014 2726 spiritu
1035 2645 1141 2713 sancto

61 2736 231 2821 relhgendi
245 2738 306 2803 siut
318 2738 364 2819 ἥ).

110 2838 270 2920 Origenes
291 2838 388 2919 igitur
404 2847 546 2926 patrem,
575 2837 680 2900 sisium
701 2849 732 2900 et
752 2838 894 2924 spiritum
918 2842 1059 2909 sunctum
1075 2853 1142 2912 tras

60 2939 203 3021 rgularer
223 2942 327 3002 censet
346 2942 409 3002 esse
431 2939 629 3025 hypostases,
653 2935 797 3024 diversae
816 2938 947 3025 quidem
966 2940 1141 3025 dignitatis,

60 3036 175 3105 nedem
196 3059 273 3103 vero
292 3051 424 3105 naturas
444 3036 582 3107 divinae.
636 3038 726 3103 Hauc
749 3052 855 3103 autem
879 3054 1010 3105 naturae
1031 3042 1144 3115 unita·-

60 3162 96 3207 m
108 3139 216 3203 innuit
228 3151 371 3223 tautum,
392 3141 550 3227 imprimis
564 3137 605 3201 de
620 3138 728 3224 spiritu
744 3141 766 3203 s.
782 3141 957 3222 obscurius,
973 3166 1046 3208 cum
1060 3169 1144 3211 con·-

59 3262 76 3306 ι
100 3238 278 3305 doctrinam
300 3241 340 3303 de
364 3243 568 3329 personarum
589 3259 763 3324 earumque
783 3237 944 3320 dignitatis
961 3242 1143 3311 diversitate

59 3340 194 3407 numme
208 3341 376 3427 protulerit
389 3339 534 3431 adeoque
550 3337 840 3422 commendaverit,
866 3354 903 3406 ut
919 3344 955 3409 in
973 3342 1141 3413 haereseos

59 3444 149 3509 imon
163 3442 242 3508 olim
254 3440 411 3508 inciderit.

245 3608 520 3689 Angelologin
536 3614 573 3667 et
596 3603 920 3691 Daemonosogr'n.

109 3720 260 3806 Angeli
283 3721 324 3784 de
339 3721 490 3802 Origenis
507 3721 660 3784 sententia
680 3721 874 3809 antiquiores
894 3736 927 3787 et
945 3718 1137 3789 honoratio-

59 3844 76 3891 ι
93 3824 166 3888 sunt
179 3820 293 3886 mundi
307 3825 375 3909 post
394 3823 478 3909 ipsos
494 3819 622 3884 condito
638 3818 763 3911 opificio
784 3815 913 3912 (πάσης
924 3816 999 3906 μετ’
1015 3812 1138 3901 αὖτούς

58 3934 231 3957 ,ιιι-

58 3979 89 4052 0)
108 3977 229 4031 Necnon
243 3975 308 4031 asiis
319 3957 390 4029 iocis
403 3991 462 4027 nou
477 3974 577 4028 addite
590 3991 743 4033 munerum
759 3978 803 4031 vel
817 3986 940 4031 naturae
953 3973 1137 4030 distinctione

94 4060 238 4131 Origenes
253 4071 384 4131 patrem,
404 4061 497 4115 fissum
515 4070 544 4115 et
562 4062 693 4134 spiritum
708 4061 1073 4129 1.conjunctornornsrut;
1094 4061 1133 4118 cs.

93 4164 123 4203 v.
139 4163 165 4201 c.
182 4148 255 4202 Exh.
272 4147 308 4200 ed
322 4156 408 4201 mart.
428 4166 452 4202 c.
468 4147 512 4202 39.
531 4147 585 4200 rnl.
600 4149 623 4215 1,
641 4146 708 4203 800:
734 4146 815 4210 Ἅξιοι
835 4151 948 4219 γίνεσθε
968 4147 1018 4203 rot
1039 4143 1069 4202 ἓν
1087 4163 1136 4221 ys·

91 4234 194 4290 θέσθαι
205 4229 265 4305 ἅμα
279 4235 330 4305 usqi
345 4234 392 4288 καὶ
404 4235 488 4305 πατρὶ
501 4234 549 4289 καὶ
563 4229 634 4306 ἁγίῳ
645 4228 796 4305 πνεύματι.
903 4254 905 4258 ·

680 4318 756 4389 02
