2572 4770
70 264 73 269 .
134 204 206 271 ιιι
457 192 544 289 cap.
565 192 637 264 m.
688 170 942 287 nogentsous·

109 374 190 453 ,uui
210 370 387 463 μαντικὴν,
417 365 677 453 caesariatos
700 369 829 459 τέχνας)
854 373 897 441 ad
912 372 1035 461 flagitia
1054 372 1195 441 eoncitat
1210 384 1246 441 at

67 515 77 563 ρ
130 479 362 542 contumaciam
374 475 520 557 (Cohort.
538 491 567 558 t,
583 489 602 543 7
610 498 620 540 τ
645 477 756 556 „Nam
770 477 804 541 in
820 480 911 542 huna
920 498 1022 566 usque
1037 476 1127 541 diem
1140 477 1246 541 masi-

129 598 214 659 gnue
230 579 287 641 ille
306 579 436 666 serpens
448 581 628 642 humanum
640 598 742 658 genus
753 581 929 664 praestigiis
942 582 1007 644 suis
1018 580 1054 642 in
1068 589 1245 643 contume-

127 676 242 742 liosam
255 680 451 781 et'misetam
466 681 651 743 servitutem
664 676 808 761 abducit,
826 684 989 770 saevitque
1002 682 1038 744 in
1050 700 1126 761 eoa,
1143 690 1185 742 ut
1198 680 1246 743 ita

128 777 252 861 dicam,
280 782 487 844 barbarorum
506 780 587 860 ritu,
614 779 670 866 qui
686 780 827 866 captivos
840 784 912 845 suoe
925 794 1128 845 mortuorum
1141 778 1246 844 eada-

127 883 274 961 veribus,
296 881 398 946 donec
411 901 475 944 una
485 881 683 966 putrescant,
705 880 836 962 alligare
848 884 1006 948 feruntur.
1049 878 1139 945 Dum
1152 881 1244 945 enim

128 1002 336 1071 quoacunque
357 1003 376 1046 a
396 982 443 1044 sui
463 993 551 1045 onus
573 982 729 1069 principio
753 980 961 1067 adproprias
985 981 1114 1045 trahere
1132 993 1242 1068 partae

125 1085 230 1165 velet,
255 1080 392 1147 crudelia
406 1084 464 1146 ille
477 1095 631 1165 tyrannus
650 1093 683 1146 et
696 1085 824 1169 serpeus
838 1080 880 1144 ad
893 1079 1034 1168 lapides,
1053 1082 1160 1163 ligna,
1173 1083 1241 1145 sia-

126 1197 199 1250 tuae
220 1186 407 1270 reliquaque
427 1181 515 1246 idola
531 1185 645 1247 misero
658 1183 886 1271 superstitionis
901 1184 1030 1245 viuculo
1047 1184 1240 1264 constringit,

127 1308 196 1351 non
216 1284 420 1353 incommode
444 1283 559 1349 dicitur
578 1287 672 1351 vivos
691 1284 855 1349 communi
878 1284 1004 1346 tumulo
1016 1283 1154 1364 inferre,
1176 1282 1242 1347 do-

103 1408 186 1471 ,nec
202 1406 266 1448 una
288 1406 361 1447 curn
380 1385 446 1449 illia
461 1387 629 1472 iptereaut.
681 1385 901 1469 Quamobrem
918 1384 1022 1465 Evam
1039 1386 1120 1449 olim
1140 1388 1241 1467 (unua

125 1489 216 1551 enim
233 1484 385 1571 idemque
404 1483 549 1550 seductor
569 1489 630 1569 est)
651 1499 685 1551 et
698 1489 780 1552 alios
792 1509 876 1550 nunc
890 1484 1088 1550 homineein
1099 1498 1241 1549 mortem

52 1644 56 1653 .
125 1586 257 1668 ducit;’‘
286 1586 349 1650 Str.
370 1584 414 1667 Π,
434 1601 485 1666 20,
501 1594 574 1654 tae.
588 1602 648 1655 90:
677 1590 833 1669 „Necesse
855 1589 901 1650 est
919 1589 1078 1669 animam,
1104 1606 1180 1651 cum
1198 1589 1239 1650 ab

123 1690 217 1755 initio
229 1691 299 1767 ejus
314 1708 386 1750 cura
402 1700 527 1768 geratur
538 1701 669 1777 propter
682 1690 922 1771 cognationem,
947 1685 1127 1751 immundis
1144 1688 1239 1774 spiri-

123 1790 211 1855 tibue
230 1790 357 1853 nullum
376 1787 452 1851 dare
473 1787 614 1870 aditum,
642 1791 701 1854 nisi
721 1793 753 1855 ei
771 1791 822 1855 vis
843 1791 992 1852 afferatur
1016 1800 1050 1852 et
1075 1789 1238 1859 imbecilla

122 1895 311 1982 probetur..
331 1937 363 1954 ..
421 1886 595 1970 Quomodo
620 1903 729 1956 autem
754 1912 815 1956 noe
842 1889 962 1953 diaboli
981 1890 1185 1976 operationes
1204 1900 1238 1952 et

122 1994 251 2083 spiritua
275 1986 460 2054 immundos
485 1990 522 2052 in
537 1993 712 2077 peccatoria
732 1996 876 2058 animam
902 1993 1059 2057 seminare
1081 1989 1235 2070 dicamus,

123 2118 191 2161 non
208 2094 290 2158 mihi
307 2090 451 2179 pluribus
461 2092 569 2154 verbis
583 2115 665 2180 opus
679 2096 741 2175 est,
767 2096 793 2158 fi
805 2091 969 2157 adduxero
982 2095 1095 2155 testem
1109 2090 1236 2155 Barna-

122 2199 199 2263 bam
211 2191 418 2281 apostolicum
434 2192 449 2252 '.
464 2235 473 2253 .
489 2235 497 2252 .
519 2191 572 2254 hir
586 2193 693 2257 verbis
707 2194 749 2258 fic
764 2192 942 2258 dicentem:
970 2187 1049 2280 Πρὸ
1067 2191 1133 2256 τοῦ
1150 2181 1236 2278 ἡμᾶς

121 2292 306 2361 πιστεῦσαι
318 2288 366 2375 τῷ
377 2290 461 2375 θεῷ,
473 2276 514 2373 ἦν
527 2281 617 2374 ἡμῶν
629 2287 669 2356 τὸ
683 2287 877 2382 οἰκητήριον
885 2294 946 2381 τῆς
958 2287 1102 2380 καρδίας
1114 2294 1236 2381 φθαρ-

120 2388 182 2461 τὸν
196 2390 253 2455 καὶ
264 2384 423 2465 ἀσθενὲς,
453 2380 590 2474 ἀληθῶς
608 2386 830 2480 οῖκοδομητὸς
849 2390 929 2471 ναὸς
952 2388 1011 2458 διὰ
1025 2387 1158 2479 χειρός·
1181 2387 1235 2458 ὅτι

119 2483 163 2583 ἦν
182 2483 315 2578 πλήρης
332 2488 395 2569 μὲν
414 2481 695 2577 εἰδωλολατρείας
717 2494 776 2558 καὶ
793 2482 834 2582 ἦν
851 2483 944 2570 οἶκος
966 2489 1151 2576 δαιμόνων,
1178 2488 1236 2558 διὰ

118 2593 161 2662 td
180 2594 292 2657 ποιεῖν
310 2585 375 2656 ὅσα
397 2577 438 2677 ἦν
459 2582 591 2659 ἐναντία
610 2593 660 2678 τῷ
681 2593 774 2681 θεῷ·
807 2594 871 2659 Str.
885 2594 944 2676 IV,
963 2609 1015 2677 ιι,
1031 2608 1114 2665 601:
1144 2595 1234 2660 Πει-

118 2692 231 2787 ράζων
251 2688 315 2780 γὰρ
335 2682 422 2779 ἡμᾶς
440 2680 460 2757 ὃ
479 2683 655 2771 διάβολος,
683 2689 783 2773 εἰδὼς
802 2695 864 2778 μὲν
883 2691 1031 2777 δέομεν,
1054 2689 1118 2762 οὖν
1135 2690 1235 2772 εἰδὼς

117 2798 160 2866 dd
176 2791 210 2863 εἰ
225 2789 474 2876 ὑπομενοῦμεν,
500 2782 585 2856 ἀλλὰ
602 2784 785 2860 danusiaco
803 2796 865 2884 τῆς
881 2791 1028 2874 πίστεως
1046 2788 1137 2883 ἡμᾶς
1147 2798 1234 2879 βου-

117 2893 259 2983 λόμενος
271 2895 327 2960 καὶ
339 2884 533 2977 ὑπάγεσθαι
546 2884 655 2981 ἑαυτῷ
668 2890 850 2985 πειράζει).
879 2898 993 2984 Neque
1002 2917 1081 2960 rero
1094 2896 1233 2962 daemo-

116 3021 178 3065 nea
193 2999 263 3086 (qui
277 2994 408 3083 quidem
420 3013 440 3057 a
452 2995 625 3077 gentilibus
638 2995 748 3062 divina
755 2999 967 3062 veneratione
973 3000 1133 3080 coluntur,
1146 2997 1234 3087 quod

34 3108 50 3209 ’ς
115 3101 196 3167 locis
215 3100 264 3164 l’s.
286 3094 446 3178 ch1,5
476 3093 605 3163 Cohort.
624 3106 656 3181 t,
680 3106 719 3166 64
741 3111 774 3161 et
795 3114 810 3165 1
834 3096 909 3164 Cor.
929 3098 977 3178 X,
996 3113 1038 3166 20
1065 3098 1164 3163 Paed.
1187 3099 1231 3180 11,

117 3216 151 3285 1,
166 3212 226 3270 168
246 3198 396 3265 Clemens
414 3201 616 3286 comprobat,
648 3218 775 3286 quaque
795 3198 837 3263 de
860 3201 952 3262 causa
970 3197 1101 3265 Cohort.
1120 3209 1152 3282 4,
1172 3209 1231 3269 tar

98 3360 102 3375 .
116 3299 366 3393 „Quomodo,”
387 3298 448 3380 ait,
476 3301 602 3382 „igitur
614 3299 760 3366 Deorum
773 3298 878 3364 adhuc
891 3320 1026 3364 numero
1037 3302 1152 3366 haberi
1166 3324 1233 3390 po-

115 3407 215 3473 terint
233 3402 397 3467 simulacra
419 3411 453 3464 et
473 3398 665 3482 daemones,
697 3401 861 3466 immundi
879 3404 953 3465 sene
970 3413 1004 3464 et
1023 3402 1232 3469 abominandi

114 3507 259 3597 spiritua,
284 3523 366 3590 quor
384 3522 497 3566 omnes
517 3505 659 3566 fatentur
677 3506 740 3567 esse
757 3517 902 3568 terrenos
914 3515 948 3566 et
958 3502 1155 3586 lutulentos,
1176 3505 1232 3595 qui

70 3630 73 3637 ·
115 3608 331 3691 degravantur
348 3605 405 3667 suu
423 3590 583 3689 pondere,
602 3616 636 3667 et
650 3605 730 3668 circa
747 3617 949 3671 mortuorum
964 3606 1167 3672 monimenta
1178 3620 1233 3671 at-

106 3698 181 3799 'que
201 3707 343 3794 sepulcra
360 3702 547 3768 versantur?
574 3705 690 3791 quibua
708 3707 806 3779 etiarn
821 3708 857 3770 in
872 3707 951 3772 locis
961 3708 1110 3772 umbrosa
1121 3711 1233 3796 phan-

115 3820 253 3874 tasmata
264 3808 393 3871 obscure
405 3805 542 3892 conspici
554 3806 665 3870 solent.
695 3807 739 3870 Hi
752 3808 861 3894 itaque
873 3809 946 3870 sunt
955 3804 1001 3870 dii
1009 3811 1118 3891 vestri,
1128 3810 1234 3873 fimu-

114 3912 202 3975 sacra
211 3922 247 3975 at
255 3911 390 3973 umbrae
396 3907 432 3988 ’')
444 3907 519 3994 ipsu
530 3907 717 3973 hominibus
732 3909 838 3971 insunt
850 3906 928 3989 (Str.
942 3907 988 3990 Π,
1002 3922 1056 3988 20,
1072 3916 1154 3989 490,
1176 3904 1235 3972 uhi

115 4010 269 4077 Glemona
286 4007 424 4073 laudatis
444 4006 553 4072 verbis
566 4008 732 4075 Barnabae
750 4008 873 4091 adjicit:
902 4004 974 4084 Τὰς
989 4001 1161 4096 ἒνιρμιίαα
1174 3996 1238 4074 οὗν

116 4100 181 4182 τὰς
194 4109 266 4186 τοῖς
288 4103 479 4194 δαιμονίοις
498 4102 727 4196 coraustove
747 4102 915 4179 ἕπιιιλιῖν
924 4100 1237 4199 protendam
