2572 4770
98 194 210 325 ⁰582
459 246 550 338 cap.
573 245 644 315 ῙΙΙ.
695 242 928 335 Dogmnticn.
1011 274 1020 283 ·
1118 186 1125 193 -

135 434 236 514 (qnae
255 448 358 513 aequo
375 430 530 508 maiorem
552 423 713 488 scientiam
735 424 922 509 pollicetur)
942 423 1036 489 notio
1058 422 1099 489 de
1115 423 1245 491 doctrina

137 529 288 591 esoterica
313 530 378 589 lire
399 528 487 607 gnoti
506 562 549 573 -
568 526 625 588 etsi
646 526 723 586 lutee
745 544 872 610 quoque
891 527 1039 587 maxime
1058 526 1099 588 ad
1120 528 1246 591 formam

137 626 300 690 doctrinae
317 629 501 689 christianae
516 626 669 711 pertinet,
688 621 723 685 itl
738 624 823 709 quod
841 625 1128 689 satiaClementem
1144 648 1162 688 a
1176 649 1246 708 gno·

137 730 222 792 sticis
243 728 435 805 (haereticae
458 730 567 805 notae)
591 724 751 804 distinguit
764 748 806 774 ···-
825 726 927 806 tnagis
948 727 1124 788 materiam
1142 739 1245 808 tangat,

139 850 237 914 quarn
254 827 464 906 origeniana,
485 826 668 911 praesertim
682 846 754 886 curu
770 826 854 888 l'olns
871 825 1023 893 Clemens
1041 823 1160 889 diserte
1173 829 1246 889 suan

140 928 250 1008 gnostn
279 929 471 1012 separaverit
498 949 516 989 a
541 926 624 1001 fide,
658 926 740 985 ltanc
763 924 892 1011 quidem
918 928 1130 1008 arctioribus,
1165 950 1247 1015 quant

140 1028 315 1109 Origenes,
347 1029 464 1090 sinibus
489 1024 739 1089 circumscribere
760 1027 885 1106 solitus,
917 1026 1075 1115 idemque
1102 1030 1188 1091 sulus
1205 1029 1248 1090 di·

139 1132 220 1192 serte
240 1118 392 1210 glorietur
407 1147 538 1205 urrann,
567 1144 648 1209 quae
666 1121 706 1184 ad
718 1125 790 1217 'sese
809 1128 950 1206 venerit,
978 1128 1162 1192 traditione
1180 1152 1248 1218 apo-

49 1289 52 1301 ,
138 1230 273 1306 stolica,
315 1250 411 1315 quam
440 1248 458 1289 a
486 1224 649 1290 comtuuni
677 1223 733 1286 illa
764 1228 988 1305 ecclefiastica,
1030 1228 1073 1292 de
1105 1253 1171 1318 qua
1197 1236 1249 1310 jam

141 1341 248 1393 ectum
279 1330 343 1407 est,
389 1326 560 1404 discernit,
600 1344 711 1386 revera
746 1348 872 1413 quoque
901 1348 919 1389 a
945 1330 1122 1414 pluribus,
1167 1353 1250 1417 quan

144 1430 323 1515 Origenes,
368 1429 579 1507 gnosticorum
614 1427 745 1489 illorum
786 1430 880 1490 sensis
920 1430 1057 1514 propius
1101 1444 1274 1511 remotum¹

142 1550 337 1616 quamquam
352 1527 509 1607 Origenes
528 1526 675 1606 (omnino
694 1528 722 1589 is
736 1548 812 1615 vero
832 1530 865 1589 in
885 1529 1074 1591 universum
1089 1528 1134 1593 ad
1149 1532 1252 1617 purifi-

142 1629 261 1693 candos
279 1630 363 1715 ipsos
383 1629 502 1707 magis,
531 1649 628 1715 quarn
644 1625 686 1690 ad
704 1627 948 1714 comparandam
965 1641 1065 1691 antea
1087 1635 1251 1717 perfectam

142 1730 357 1811 cognitionem
380 1729 528 1791 homines
548 1727 748 1810 adhortatus)
776 1729 937 1816 pluribus,
973 1751 1077 1815 quarn
1102 1734 1251 1809 Clemens,
1281 1788 1284 1793 .

141 1850 201 1917 per
227 1833 316 1892 snum
340 1831 522 1892 esotericam
547 1829 722 1894 doctrinam
748 1832 801 1892 rel
826 1831 934 1910 gnosiu
966 1834 1132 1910 (nomine
1157 1849 1250 1899 auten

141 1932 210 2017 ipso
223 1928 264 1993 de
280 1951 318 1994 ea
331 1952 396 1994 non
408 1930 521 2011 utitur)
542 1952 629 1994 mere
642 1930 865 2018 philosophicis
881 1929 1059 2015 (imprimis
1073 1934 1251 2017 I'latonic'n)

141 2032 307 2097 sententiis
320 2030 495 2095 doctrinam
512 2033 712 2096 christianam
727 2032 937 2095 illustraverit.

190 2128 193 2133 ’
211 2118 346 2198 ¹Libros
365 2133 487 2196 nostros
506 2133 608 2196 sacros
632 2154 705 2196 cum
717 2132 845 2195 Veteris
862 2142 932 2193 turn
945 2129 1032 2194 Novi
1052 2131 1118 2215 T.,
1147 2137 1251 2224 qnippe

143 2233 332 2320 conscriptos
354 2233 393 2294 ab
414 2232 599 2297 horninibus
617 2234 766 2316 singulari
785 2232 1022 2319 spiritnssancti
1042 2236 1175 2301 auxilio
1193 2240 1252 2302 sus·

142 2334 288 2410 tentatis,
323 2332 453 2411 majoris
474 2335 538 2397 esse
556 2332 673 2398 debere
692 2333 900 2412 auctoritatis,
932 2354 1029 2419 quarn
1049 2357 1252 2427 quaecunque

13 2460 20 2469 ·
141 2433 206 2497 alia
219 2430 390 2494 hominurn
408 2432 535 2517 scripta,
563 2435 642 2498 haec
661 2438 706 2498 est
726 2433 867 2499 doctrina
890 2452 932 2495 ex
951 2435 1121 2519 primariis
1143 2444 1253 2505 noum

141 2532 314 2613 religionis.
362 2530 519 2594 Attamen
539 2535 604 2610 jam
624 2536 734 2621 primis
750 2538 819 2622 post
837 2535 993 2621 aposlolus
1007 2542 1214 2626 temporibus
1224 2565 1253 2605 et

141 2635 240 2698 variis
257 2630 362 2695 modia
383 2646 562 2717 oppugnata
584 2637 645 2717 est.
686 2634 890 2699 Marcionitae
906 2634 1030 2697 elatum
1047 2638 1187 2723 quidem
1200 2646 1252 2706 essa

143 2733 295 2799 dixerunt
310 2734 415 2798 Vetus
427 2731 511 2796 Test.
532 2736 624 2820 supra
641 2735 786 2800 fictiones
803 2738 975 2815 humanas,
996 2738 1190 2806 habuerunt
1202 2766 1252 2807 tut-
1272 2817 1274 2824 ‚

142 2850 211 2902 tem
229 2835 262 2899 id
277 2858 334 2923 pro
347 2854 443 2919 opere
456 2855 522 2895 non
534 2837 761 2923 omnipotentis
773 2837 1091 2922 sanctissuniqneDei
1098 2886 1109 2915 ,
1132 2844 1187 2906 sed
1202 2844 1253 2910 de·
1272 2839 1274 2844 ⁵

139 2937 276 3018 miurgi,
312 2933 450 3027 ideoque
477 2955 584 3023 aequo
601 2939 706 3001 acrius
730 2939 912 3023 separarunt
932 2938 1039 3002 Vetus
1061 2940 1101 3005 T.
1123 2965 1144 3007 a
1169 2946 1251 3013 Nova

141 3036 281 3117 (Neand.
296 3034 404 3099 Gnost.
418 3034 499 3117 syn.
519 3059 550 3122 p.
565 3042 651 3119 283).
705 3038 923 3102 Valentiniani
940 3058 979 3101 eo
999 3040 1090 3123 quod
1108 3047 1251 3112 elemen-
1275 3071 1276 3094 ³

139 3149 210 3200 tum
231 3130 376 3221 ψυχικὸν
400 3137 484 3200 inter
511 3150 545 3199 et
575 3134 796 3221 aucupatoria
816 3136 945 3201 Veteris
967 3137 1007 3203 T.
1030 3134 1251 3228 distinxerunt,

138 3236 227 3301 ltaud
242 3237 435 3300 sustulerunt
448 3235 578 3322 quidem
597 3237 637 3300 de
651 3239 852 3326 inspiratione
864 3238 994 3302 Veteris
1009 3238 1050 3303 T.
1067 3241 1250 3329 doctrinam,

140 3337 351 3403 multifariam
369 3348 477 3399 tamen
495 3337 575 3399 salso
596 3337 636 3401 de
651 3360 690 3402 eo
702 3336 857 3402 sentiendi
870 3340 1067 3404 occasionem
1085 3342 1247 3413 dederuut.

139 3438 296 3508 Nonnulli
315 3436 453 3523 denique
470 3439 601 3517 gnostici
618 3440 714 3504 etiam
732 3440 766 3501 in
780 3438 874 3502 Novo
886 3437 926 3503 T.
943 3437 1058 3505 divino
1070 3447 1249 3514 annaniae

139 3540 263 3607 sudaei
276 3536 395 3625 aliquid
407 3538 586 3603 admixtum
600 3542 663 3604 esse
676 3542 872 3602 censuerunt.
915 3538 986 3603 Esse
998 3542 1099 3622 igitur
1113 3570 1179 3613 non
1192 3572 1249 3637 po-

141 3653 240 3722 terat,
272 3640 348 3727 quin
367 3644 432 3718 jam
450 3632 538 3705 illius
559 3641 630 3704 aevi
651 3639 794 3704 doctores
811 3639 971 3702 christiani
988 3640 1137 3713 divinam
1152 3652 1248 3713 lrltrn-
1275 3680 1281 3697 ·

139 3765 212 3808 rum
246 3744 403 3807 sacrorum
434 3743 653 3811 auctoritatem
683 3739 844 3827 uindicare
879 3756 1080 3809 conarentur.
1140 3747 1246 3837 Itaque

140 3844 381 3924 Athenagoras,
413 3841 562 3905 Clemens
581 3852 613 3904 et
626 3839 782 3920 Origenes
801 3846 940 3923 (necnon
958 3843 1138 3929 Didymus)
1160 3850 1194 3913 in
1211 3872 1245 3914 en

141 3944 353 4019 conveniunt,
386 3940 471 4029 quod
499 3945 598 4004 totins
622 3942 789 4027 scripturae
817 3944 839 4006 s.
868 3944 1113 4027 (Athenagoras
1144 3966 1243 4015 autent

139 4046 309 4133 praecipue
328 4044 456 4107 Veteris
477 4042 533 4124 Τ.)
561 4043 871 4128 inspirationem
900 4044 960 4131 ipsi
987 4050 1169 4135 persuasam
1192 4053 1243 4115 sibi

28 4202 34 4235 ·.
138 4146 261 4211 habent
276 4145 413 4231 aliisque
433 4142 560 4210 student
580 4142 778 4230 persuadere.
827 4144 953 4213 Omnes
974 4160 1105 4236 autem,
1133 4153 1242 4239 inpri-
