2572 4770
96 280 173 355 405
464 253 553 345 cap.
578 244 649 321 17.
697 241 843 317 Echion.

97 456 184 525 num
202 418 352 530 aientes,
375 434 497 524 ubique
513 444 549 496 et
560 428 651 495 omni
664 448 707 492 ex
719 435 809 514 parte
825 420 935 487 Deum
952 417 1066 487 adesse
1083 416 1219 485 creden-

99 565 171 635 tes,
197 544 367 614 laudantes
385 559 478 623 agros
501 533 654 608 colimur,
683 529 824 608 hymnos
846 534 998 586 canentes
1020 525 1224 605 navigamus,

102 664 141 721 et
150 639 184 717 in
197 646 286 714 omni
297 646 360 708 alio
374 642 461 719 cinq
476 635 618 700 instituto
632 641 667 693 ut
679 625 770 690 decet
784 647 827 689 ex
842 637 910 689 arte
920 627 1096 690 versamur.
1142 625 1227 689 l‘ro-

101 752 181 841 pius
212 760 321 811 autem
351 743 423 808 Deo
449 737 591 820 jungitur
621 728 794 813 gnosticos,
834 739 872 789 ut
901 727 958 813 qui
986 728 1083 789 simul
1117 727 1228 809 gravi-

104 862 209 921 tatem
233 860 268 911 et
293 844 488 907 hilaritatem
510 830 654 900 ostendat
674 830 709 893 in
728 828 897 909 omnibus;
933 828 1129 908 gravitatem
1153 828 1230 913 qui-

106 946 186 1019 dem
198 951 366 1033 propterea
381 939 468 1029 quod
482 936 524 1002 ad
538 936 645 1001 Deum
657 931 690 994 se
704 940 887 1008 convertat,
907 928 1107 991 hilaritatem
1121 940 1231 991 autem

105 1026 277 1141 qiropterea
298 1041 386 1132 quod
399 1044 540 1104 humana
553 1038 636 1099 bona
650 1040 776 1117 reputet
788 1029 978 1119 qnae²dadit
990 1028 1088 1091 nobie
1101 1027 1231 1093 Deus.’'

106 1146 175 1235 „10
197 1148 256 1227 (ib.
269 1168 302 1232 p.
320 1148 414 1223 853),
442 1139 497 1227 qui
518 1136 626 1217 gnosrn
647 1129 799 1217 possidet,
827 1145 860 1196 et
873 1132 956 1218 petit
974 1143 1008 1194 et
1028 1142 1183 1216 precatur
1197 1152 1233 1193 ca

109 1249 291 1337 quaesunt
313 1244 512 1317 verobona,
540 1239 624 1299 bona
644 1232 780 1298 animae.
803 1281 812 1298 .
857 1232 913 1297 Est
933 1243 1045 1295 entem
1072 1232 1124 1318 (p.
1147 1235 1233 1310 ast),

109 1362 152 1413 nt
181 1345 333 1413 audacius
361 1344 484 1420 dicam,
518 1334 659 1424 precatio
685 1353 759 1397 cum
778 1334 850 1401 Deo
871 1331 1071 1398 conversatio
1101 1323 1236 1410 (ὁμιλία

111 1443 206 1537 πρὸς
222 1444 281 1512 τὸν
297 1439 413 1524 θεὸν),
439 1450 474 1503 et
485 1438 560 1501 licet
571 1438 764 1499 susurrantes
778 1445 812 1497 et
826 1455 884 1497 nec
896 1436 984 1497 labra
1000 1431 1142 1519 quidem
1156 1454 1238 1519 ape-

112 1548 237 1614 rientes
253 1545 348 1609 tacite
368 1545 559 1629 loquamur,
588 1538 674 1600 intua
698 1535 916 1600 clamavimus.
943 1582 952 1599 .
1000 1532 1133 1613 Quodsi
1151 1556 1238 1597 non-

42 1668 47 1679 ’
112 1647 202 1712 mulli
225 1658 327 1710 certae
353 1664 390 1707 ac
415 1638 566 1705 delinitae
589 1638 685 1701 horae
707 1636 901 1698 constituunt
921 1636 1119 1722 precationi,
1138 1684 1147 1701 .
1170 1684 1179 1702 .
1208 1647 1239 1698 at

108 1747 277 1829 ..gnosticua
296 1762 356 1833 per
375 1753 478 1813 totam
504 1751 575 1804 orat
594 1740 712 1817 vitam,
746 1733 824 1800 dnm
849 1757 908 1823 per
932 1757 1044 1822 preces
1067 1738 1145 1801 suae
1168 1744 1247 1800 cum'

116 1844 194 1915 Deo
207 1845 311 1911 studet
322 1842 450 1909 rariori.
475 1887 485 1905 .
526 1836 560 1904 Io
573 1842 657 1903 solua
670 1842 716 1903 eit
724 1858 802 1919 ¹vere
814 1838 887 1923 pius
899 1836 962 1902 Dei
974 1838 1080 1901 cultor
1093 1841 1142 1922 (p.
1154 1843 1241 1921 855),

117 1947 178 2035 qni
198 1969 242 2012 ex
261 1946 372 2030 regula
390 1940 594 2008 ecclesiastica
612 1958 689 2003 rere
706 1939 751 2001 en
765 1937 937 2018 gnosticae,
964 1936 1016 2000 cui
1028 1937 1090 1999 soii
1105 1936 1140 2001 id
1155 1938 1242 2025 quod

118 2049 205 2139 petit
217 2045 392 2113 secundum
403 2043 468 2110 Dei
479 2043 679 2104 voluntatem
691 2037 855 2118 tribuitur,
876 2050 910 2101 et
923 2059 997 2101 cum
1012 2039 1111 2123 petiit
1124 2050 1243 2103 etcum

118 2150 285 2231 cogitavit.
335 2140 619 2226 Quemadmodum
638 2139 725 2203 enim
746 2137 896 2226 quicquid
919 2141 990 2202 vult
1011 2141 1119 2224 potest
1143 2140 1243 2221 Daue,

120 2247 171 2317 ite
183 2245 342 2336 'quicquid
360 2245 487 2334 petierit
500 2241 673 2324 gnosticos,
702 2237 735 2302 id
749 2240 870 2327 accipit.
911 2238 1057 2304 Omnino
1071 2241 1166 2304 enim
1181 2263 1245 2305 no·

122 2349 279 2417 tritDeua
298 2345 428 2433 eosqui
446 2344 539 2409 bonit
560 2339 647 2424 digni
663 2344 736 2406 sunt
754 2353 786 2405 et
803 2343 857 2429 qui
872 2361 936 2404 non
951 2342 1033 2404 sunt·
1080 2340 1179 2406 Unde
1192 2339 1245 2403 dat

124 2471 168 2523 en
185 2471 269 2538 quae
290 2448 420 2529 singulis
439 2442 645 2509 conveniunt.
694 2441 912 2522 Quamobrem
929 2440 1092 2522 indignis,
1121 2444 1246 2507 etiamsi

119 2552 222 2636 saepe
241 2548 410 2635 petierint,
437 2567 503 2609 non
515 2542 621 2622 dabit,
649 2539 737 2606 dabit
751 2565 828 2607 vero
841 2541 954 2625 dignis.
1000 2543 1117 2631 Neque
1131 2546 1246 2632 supcr-

124 2668 230 2714 vacua
250 2659 360 2713 tamen
377 2656 545 2735 propterea
569 2645 614 2706 est
635 2645 765 2730 petitio,
797 2644 920 2709 etiamsi
942 2645 1065 2730 absque
1086 2647 1247 2731 petitione

124 2750 246 2816 dentur
265 2750 359 2819 hona.
406 2747 479 2828 Jam
495 2757 529 2810 et
548 2743 816 2826 gratiarumactio
834 2757 868 2809 et
879 2745 992 2833 petitio
1005 2766 1140 2827 eorum,
1166 2768 1248 2835 quae

124 2852 292 2943 pertinent
322 2847 364 2913 ad
393 2848 631 2911 couversionem
656 2848 895 2933 proximorum,
926 2848 972 2909 est
992 2867 1076 2934 npua
1095 2850 1249 2929 gnostici3

126 2971 196 3038 qna
221 2946 355 3037 quidem
379 2948 503 3011 ratione
528 2947 632 3009 oravit
654 2968 783 3035 quoqne
808 2945 973 3028 dominus,
1006 2950 1129 3029 gratiae
1151 2970 1250 3032 agenr

128 3048 221 3138 quod
246 3049 458 3115 ministerium
485 3047 681 3135 perfecerat,
719 3069 834 3129 rogans
866 3061 975 3113 autem
1000 3060 1037 3112 ut
1063 3049 1105 3112 ad
1134 3053 1251 3133 cogni-

130 3152 261 3215 tionem·
277 3148 428 3217 venirent
455 3148 703 3236 quamplurimi
821 3146 1030 3228 Quinetiam
1052 3148 1157 3231 siden,
1187 3172 1250 3238 qua

128 3250 207 3339 quie
223 3248 325 3320 cedit
340 3262 543 3338 accepturum
563 3251 627 3314 esse
648 3251 681 3314 se
700 3247 787 3336 quod
806 3248 902 3335 petit,
925 3247 1086 3336 quaedam
1105 3252 1249 3337 precede

131 3353 200 3432 est,
229 3348 266 3415 iu
291 3350 401 3416 animo
425 3351 563 3434 gnostico
588 3351 733 3437 reposita.
781 3348 933 3415 Ceterum
954 3352 981 3414 si
1000 3352 1251 3417 conversationis

132 3472 210 3515 cum
224 3450 296 3518 Deo
314 3450 433 3517 occasio
449 3454 496 3516 est
511 3451 669 3540 precatio,
693 3448 868 3515 accedendi
882 3452 958 3514 sane
975 3450 1144 3517 ad-Deum
1165 3456 1251 3517 nullu
1265 3502 1269 3509 .

130 3554 182 3617 est
193 3548 475 3639 praetermittenda
487 3550 646 3615 occatio.”
692 3549 742 3616 ct.
761 3549 802 3613 de
816 3552 959 3616 oratione
970 3555 1174 3640 potissimum
1188 3554 1251 3620 Str.

132 3652 214 3736 Ml,
230 3666 281 3734 tt,
298 3667 358 3724 879
372 3653 434 3740 tq..
457 3671 554 3738 quem
571 3652 680 3717 locum
692 3651 778 3716 intra
790 3650 963 3719 trademur.

223 3753 537 3837 „li1ertyrium'’‚
563 3752 626 3819 Str.
641 3752 748 3834 1V‚t,
766 3763 827 3821 eto
848 3752 998 3819 Clemens
1017 3752 1113 3836 dicit,
1143 3778 1253 3836 „eon-

132 3855 384 3923 summctionem
410 3848 613 3935 (τελείωσιν)
634 3874 805 3933 vocamur,
841 3876 908 3919 non
933 3854 1021 3942 quod
1045 3857 1136 3922 ritae
1153 3858 1254 3922 finem

132 3958 238 4023 homo
265 3956 438 4042 acceperit,
469 3967 507 4020 ut
531 3956 645 4043 reliqui
669 3954 862 4043 loquuntur,
892 3954 948 4019 sed
965 3955 1053 4044 quod
1070 3962 1254 4045 perfectum

136 4078 177 4122 ee
197 4058 452 4121 consummatum
472 4078 554 4143 opus
571 4054 744 4122 ostenderit
762 4057 942 4125 caritatis...
991 4058 1027 4125 Si
1046 4071 1162 4127 autem
1181 4060 1252 4125 Deo

138 4156 285 4281 censori
303 4150 341 4246 (ι)
359 4152 448 4248 πρὸς
463 4151 549 4227 actv
561 4150 739 4245 ὁμολογία)
759 4158 798 4225 tlt
813 4160 1021 4247 martyrium,
1042 4178 1258 4251 quaecuuque
