2572 4770
53 243 130 311 312
339 281 342 285 -
378 232 468 327 Cup.
491 232 563 302 ΙΙΙ.
611 230 844 321 Dogmasice.

55 409 139 476 dello
158 409 280 490 sermo,
307 392 397 501 quod¹
409 411 550 476 Chrlstue
561 409 652 473 venit
664 410 697 473 in
712 410 797 472 hunc
815 404 976 472 mundum
988 417 1169 495 pecoutoret

55 513 161 578 salvos
180 513 302 589 facere,
329 533 466 597 (prorum
483 513 606 596 primun
620 531 679 592 ego
691 512 770 573 suun.
820 508 869 571 At
884 508 989 572 nescio
1007 507 1168 595 quomodo
1209 542 1213 552 ·

10 600 13 605 ¹
56 612 177 675 oblitos
203 610 300 674 suerii
324 623 381 674 ont
402 632 443 673 ne
469 613 611 692 cogitarit
631 609 763 699 quidem
781 610 983 695 mentionem
1002 600 1110 673 sedere
1129 608 1168 670 de

56 709 178 788 Paulo,
201 712 255 796 qni
275 713 345 796 post
362 710 469 775 Jelutn
490 700 635 776 ecclesiia
651 712 685 774 in
707 708 830 776 Christo
848 710 1018 775 constituit.
1070 710 1169 774 Veri-

57 809 161 877 simile
174 813 321 875 estillutn
335 811 457 890 vidisse,
471 835 536 878 non
548 814 635 898 posse
650 814 682 875 se
696 809 844 874 dePaulo
858 811 964 895 loqui,
986 810 1065 897 quin
1077 809 1169 875 simul

58 910 217 976 rationem
231 911 396 999 redderet,
416 937 489 993 cur,
512 914 567 1000 qui
582 915 686 977 fuerat
699 912 862 975 ecclesiam
874 911 937 974 Dei
951 912 1169 997 persequutus,

57 1007 174 1076 fideles
192 1013 345 1077 acerrime
365 1013 534 1079 insectatus
552 1014 673 1091 suerat,
710 1011 782 1079 Jesu
802 1008 972 1096 discipulos
987 1013 1085 1074 motti
1106 1024 1176 1074 tra·-

60 1106 138 1175 derlt
155 1111 382 1195 abstinuerat,
412 1116 441 1180 ie
461 1112 661 1199 usqueadeo
683 1121 825 1176 mutatus
844 1112 960 1190 suerit,
982 1124 1019 1173 nt
1033 1114 1073 1174 ab
1087 1112 1168 1176 Hie-

59 1210 227 1290 rosolyt'nia
249 1211 290 1274 ad
305 1211 469 1296 Illyricum
491 1216 695 1295 evangelium
714 1212 827 1278 Christi
847 1213 1031 1292 evulgata-t,
1061 1225 1169 1277 tuoto-

60 1327 126 1397 qne
145 1309 250 1375 studio
267 1314 453 1394 fungeretur
473 1316 534 1376 hoc
555 1335 706 1392 munere,
733 1325 770 1377 ut
789 1313 822 1375 in
842 1313 947 1375 alieno
961 1311 1169 1378 fundamento

60 1406 230 1473 eedisicnre
245 1412 357 1475 nolens
375 1433 412 1475 ea
429 1414 496 1474 loca
515 1425 653 1492 peteret,
682 1435 745 1500 qno
765 1433 930 1498 nunquam
944 1412 1007 1476 Dei
1020 1416 1060 1497 ⁸in
1077 1414 1171 1480 Chri·

60 1507 108 1573 sto
130 1512 332 1591 evangelium
352 1515 539 1599 pervaserat.
597 1513 686 1595 Quid
705 1534 780 1593 ergo
801 1511 925 1575 absurdi
943 1514 1008 1592 est,
1043 1514 1171 1580 filesut

20 1624 25 1631 ·
62 1609 239 1676 ostensurus
266 1613 409 1678 humano
438 1615 564 1694 generi,
591 1635 688 1700 quam
707 1613 845 1681 efficacia
868 1615 930 1681 sint
951 1634 1034 1700 qnae
1055 1618 1171 1680 morbis

60 1707 241 1775 animarum
261 1712 392 1781 adhibet
412 1715 570 1795 remedia,
598 1715 736 1778 infames
755 1727 789 1778 et
804 1714 1011 1802 nequissimos
1032 1716 1170 1797 elegerit,

61 1807 200 1901 illosque
221 1833 260 1877 eo
280 1808 479 1898 provexerit,
507 1829 542 1901 ut
562 1817 742 1902 purissimae
763 1817 849 1879 'vitae
870 1816 1058 1901 exemplum
1077 1821 1172 1883 essent

63 1906 131 1987 tia·
149 1910 204 1997 qui
225 1933 338 1999 eorum
360 1900 535 1985 titioisterio
560 1915 601 1981 ad
621 1916 823 1997 evangelium
841 1915 955 1980 Christi
971 1916 1172 1985 adducerer·-

63 2008 167 2076 tur?”
208 2010 351 2082 Judaeua
368 2040 495 2105 quoque
512 2021 591 2083 haec
607 2018 747 2083 dixerat:
779 2014 970 2096 Quomodo,
992 2041 1099 2084 cuma
1113 2045 1171 2086 oo-

65 2111 136 2177 ttrtr
157 2114 250 2179 suerin
275 2114 561 2199 decantantium,
596 2122 693 2206 paulo
715 2118 865 2205 progressi
882 2115 997 2183 eadem
1021 2122 1078 2186 illa
1099 2146 1173 2187 con-

64 2213 234 2282 temnitis?
274 2217 385 2308 Neque
407 2222 493 2285 enim
509 2217 597 2284 aliutl
614 2222 734 2285 vestrae
753 2217 913 2282 doctrinae
932 2216 1038 2284 dicere
1056 2224 1173 2288 hebetia

66 2310 196 2379 initium
217 2337 313 2403 quarn
333 2322 470 2383 nostram
490 2322 604 2398 legem
625 2353 667 2371 -
715 2321 870 2401 „Verum
889 2320 978 2401 elt”‚
1007 2324 1173 2411 respondet

68 2415 174 2478 noster
190 2414 233 2494 Il,
251 2424 280 2486 s.
305 2440 335 2501 p.
355 2429 433 2497 389,
461 2418 644 2498 „tlsnsaicae
658 2422 738 2500 legin
753 2421 833 2485 ritus
844 2420 1017 2509 literaeque
1032 2426 1174 2514 prophe-

67 2512 146 2578 ticae
165 2517 228 2576 esse
247 2519 408 2597 religionis
425 2520 611 2583 christianae
629 2521 732 2608 prima
746 2521 847 2585 veluti
859 2518 1060 2603 rudimenta,
1088 2539 1121 2589 et
1139 2528 1175 2590 ult

68 2612 116 2679 ele
135 2618 316 2703 progressos
341 2629 410 2685 tutu
430 2620 599 2707 proficere,
636 2641 709 2685 cnm
729 2614 785 2684 illa
805 2606 981 2687 scrutentur
1004 2643 1177 2716 eorumque

67 2728 213 2782 mentem
241 2718 421 2804 inspiciant,
463 2743 536 2786 curn
569 2732 722 2811 quaerant
748 2719 921 2786 secundnm
948 2727 1178 2794 revelationem

69 2818 255 2901 mysterium
279 2822 476 2910 temporibus
497 2824 635 2886 aeternis
648 2824 802 2905 tacitum,
835 2821 922 2909 quod
943 2845 1028 2890 nunc
1051 2832 1179 2914 patetn-

70 2929 157 2984 etum
183 2922 228 2984 est
254 2943 312 3010 per
339 2922 505 3011 scripturae
529 2925 758 3013 prophetarum
785 2936 817 2988 et
845 2923 969 2990 domini
990 2910 1091 2994 ndstri
1107 2930 1180 2997 Jeso

69 3020 185 3090 cinisii
205 3019 392 3089 adventurn.
448 3021 494 3088 At
518 3046 583 3089 non
606 3045 720 3111 perum
745 3022 830 3109 quod
852 3022 972 3106 dicitis,
1003 3029 1059 3114 qui
1079 3033 1181 3119 prosi·

71 3122 176 3201 uiuos,
201 3124 240 3186 ab
264 3123 309 3187 eis
322 3121 491 3190 Mosaicam
513 3125 617 3204 legem
636 3124 808 3211 despicatui
825 3127 945 3193 haberi.
986 3126 1095 3196 Immo
1108 3136 1180 3219 plns

71 3224 119 3293 illl
134 3223 266 3289 honoris
281 3212 447 3319 deserenti
472 3223 641 3290 ostendunt
654 3228 757 3304 enim,
781 3248 878 3314 quam
890 3228 972 3307 alta,
991 3253 1091 3315 quarn
1105 3239 1182 3301 rhe-

70 3328 155 3391 trosa
173 3324 212 3391 sit
230 3326 381 3411 sapientia
399 3320 532 3407 eorumJ
557 3346 638 3417 quae
652 3328 708 3392 sub
726 3328 790 3393 illia
804 3330 905 3395 intent
917 3331 1035 3415 literis,
1055 3336 1182 3428 inquot

72 3446 238 3514 ttttttquern
253 3423 366 3495 ludaei
385 3427 677 3513 introspexerunt.”
705 3440 708 3445 ·

158 3528 245 3594 Haec
264 3528 338 3594 talia
355 3526 436 3595 dixit
451 3528 608 3611 Origenes
628 3525 669 3591 ad
684 3527 848 3609 religionis
860 3528 1048 3597 christianae
1061 3536 1184 3604 verita.

72 3637 142 3696 teto
156 3651 229 3696 cum
246 3627 392 3709 ludaeis,
419 3643 490 3697 turn
503 3628 631 3694 Graecia
645 3627 905 3718 persuadendam.
948 3634 1093 3713 „ludaei
1109 3642 1184 3728 qui-

5 3796 9 3805 ,
74 3727 195 3810 deam,
224 3733 267 3797 ait
281 3729 323 3810 II,
341 3741 390 3799 79.
414 3752 445 3815 p.
460 3738 539 3809 447,
568 3730 753 3807 „etGraeci
770 3728 882 3797 Christi
901 3730 1063 3801 doctrinae
1078 3741 1185 3803 incre-

75 3829 143 3899 dats
158 3833 296 3898 assentiri
316 3833 439 3900 nolunt.
483 3833 548 3899 Non
562 3853 639 3897 vero
651 3831 724 3898 iesu
745 3831 947 3898 documentis
958 3837 1100 3908 instructi
1114 3842 1185 3908 Deo

73 3935 203 4003 eredere
222 3958 286 4001 nnn
307 3956 449 4021 uuquam
472 3932 668 4013 desinemus,
695 3946 729 3997 at
743 3937 814 3998 illus
834 3931 874 3997 ad
889 3935 952 3997 Dei
972 3942 1095 4005 cultum
1111 3966 1186 4007 cae-

75 4040 230 4107 outiantes
257 4035 297 4103 ad
318 4037 484 4102 meliorem
510 4037 635 4114 frugem
655 4038 739 4099 velle
757 4058 925 4117 revocar03
960 4046 1186 4129 quamvisper

75 4142 234 4207 neutram
254 4143 414 4220 accusent,
441 4138 500 4229 ipsr
517 4157 595 4203 vero
612 4139 715 4223 caeci,
744 4150 777 4207 et
795 4159 854 4207 uua
873 4137 1020 4232 decipere
1036 4145 1184 4216 nominer
