<?xml version="1.0" encoding="UTF-8"?>
<!DOCTYPE html PUBLIC "-//W3C//DTD XHTML 1.0 Transitional//EN"
    "http://www.w3.org/TR/xhtml1/DTD/xhtml1-transitional.dtd">
<html xmlns="http://www.w3.org/1999/xhtml" xml:lang="en" lang="en">
 <head>
  <title>
</title>
<meta http-equiv="Content-Type" content="text/html;charset=utf-8" />
  <meta name='ocr-system' content='tesseract 3.04.00' />
  <meta name='ocr-capabilities' content='ocr_page ocr_carea ocr_par ocr_line ocrx_word'/>
</head>
<body>
  <div class='ocr_page' id='page_1' title='image "./descholaquaeale00guergoog/descholaquaeale00guergoog_0595.png"; bbox 0 0 2572 4770; ppageno 0'>
   <div class='ocr_carea' id='block_1_1' title="bbox 538 264 1196 331">
    <p class='ocr_par' dir='ltr' id='par_1_1' title="bbox 538 264 1196 331">
     <span class='ocr_line' id='line_1_1' title="bbox 538 264 1196 331; baseline 0.003 -2"><span class='ocrx_word' id='word_1_1' title='bbox 538 284 763 305; x_wconf 87' lang='grc'><em>-····</em></span> <span class='ocrx_word' id='word_1_2' title='bbox 1123 264 1196 331; x_wconf 69' lang='grc'>449</span> 
     </span>
    </p>
   </div>
   <div class='ocr_carea' id='block_1_2' title="bbox 88 429 1203 2326">
    <p class='ocr_par' dir='ltr' id='par_1_2' title="bbox 88 429 1203 2326">
     <span class='ocr_line' id='line_1_2' title="bbox 90 429 1200 520; baseline 0.003 -18"><span class='ocrx_word' id='word_1_3' title='bbox 90 438 230 503; x_wconf 85' lang='lat' dir='ltr'>doctrina</span> <span class='ocrx_word' id='word_1_4' title='bbox 249 436 368 500; x_wconf 79' lang='lat' dir='ltr'>exculti</span> <span class='ocrx_word' id='word_1_5' title='bbox 388 446 420 499; x_wconf 90' lang='lat' dir='ltr'>et</span> <span class='ocrx_word' id='word_1_6' title='bbox 439 434 559 520; x_wconf 88' lang='lat' dir='ltr'>pietate</span> <span class='ocrx_word' id='word_1_7' title='bbox 574 429 740 494; x_wconf 77' lang='lat' dir='ltr'>christiane</span> <span class='ocrx_word' id='word_1_8' title='bbox 754 433 935 518; x_wconf 88' lang='lat' dir='ltr'>sustentati,</span> <span class='ocrx_word' id='word_1_9' title='bbox 961 434 1054 500; x_wconf 87' lang='lat' dir='ltr'>fimus</span> <span class='ocrx_word' id='word_1_10' title='bbox 1069 448 1101 500; x_wconf 88' lang='lat' dir='ltr'>et</span> <span class='ocrx_word' id='word_1_11' title='bbox 1112 441 1200 505; x_wconf 90' lang='lat' dir='ltr'>male</span> 
     </span>
     <span class='ocr_line' id='line_1_3' title="bbox 89 531 1199 623; baseline 0 -21"><span class='ocrx_word' id='word_1_12' title='bbox 89 541 247 621; x_wconf 73' lang='lat' dir='ltr'>gnosticae</span> <span class='ocrx_word' id='word_1_13' title='bbox 262 550 294 601; x_wconf 94' lang='lat' dir='ltr'>et</span> <span class='ocrx_word' id='word_1_14' title='bbox 308 536 425 600; x_wconf 87' lang='lat' dir='ltr'>carnali</span> <span class='ocrx_word' id='word_1_15' title='bbox 440 556 513 597; x_wconf 88' lang='lat' dir='ltr'>cnm</span> <span class='ocrx_word' id='word_1_16' title='bbox 528 531 712 618; x_wconf 89' lang='lat' dir='ltr'>scripturam</span> <span class='ocrx_word' id='word_1_17' title='bbox 725 534 842 597; x_wconf 87' lang='lat' dir='ltr'>sacram</span> <span class='ocrx_word' id='word_1_18' title='bbox 855 534 1103 623; x_wconf 88' lang='lat' dir='ltr'>interpretandi,</span> <span class='ocrx_word' id='word_1_19' title='bbox 1128 550 1199 605; x_wconf 86' lang='lat' dir='ltr'>tum</span> 
     </span>
     <span class='ocr_line' id='line_1_4' title="bbox 90 632 1196 720; baseline 0.004 -18"><span class='ocrx_word' id='word_1_20' title='bbox 90 638 265 702; x_wconf 89' lang='lat' dir='ltr'>doctrinam</span> <span class='ocrx_word' id='word_1_21' title='bbox 285 636 485 700; x_wconf 75' lang='lat' dir='ltr'>christianam</span> <span class='ocrx_word' id='word_1_22' title='bbox 499 632 791 720; x_wconf 89' lang='lat' dir='ltr'>comprehendendi</span> <span class='ocrx_word' id='word_1_23' title='bbox 809 637 924 699; x_wconf 88' lang='lat' dir='ltr'>rationi</span> <span class='ocrx_word' id='word_1_24' title='bbox 942 636 1196 706; x_wconf 79' lang='lat' dir='ltr'>adversabantur.</span> 
     </span>
     <span class='ocr_line' id='line_1_5' title="bbox 88 734 1198 826; baseline -0.003 -21"><span class='ocrx_word' id='word_1_25' title='bbox 88 741 201 826; x_wconf 82' lang='lat' dir='ltr'>Neque</span> <span class='ocrx_word' id='word_1_26' title='bbox 223 753 334 801; x_wconf 90' lang='lat' dir='ltr'>tamen</span> <span class='ocrx_word' id='word_1_27' title='bbox 355 735 473 799; x_wconf 81' lang='lat' dir='ltr'>infitias</span> <span class='ocrx_word' id='word_1_28' title='bbox 494 734 541 797; x_wconf 91' lang='lat' dir='ltr'>ire</span> <span class='ocrx_word' id='word_1_29' title='bbox 562 737 743 820; x_wconf 88' lang='lat' dir='ltr'>possumus,</span> <span class='ocrx_word' id='word_1_30' title='bbox 777 736 1072 801; x_wconf 85' lang='lat' dir='ltr'>Alexandrinorum</span> <span class='ocrx_word' id='word_1_31' title='bbox 1094 741 1198 818; x_wconf 89' lang='lat' dir='ltr'>(sensu</span> 
     </span>
     <span class='ocr_line' id='line_1_6' title="bbox 88 831 1199 925; baseline 0.002 -24"><span class='ocrx_word' id='word_1_32' title='bbox 88 840 249 920; x_wconf 86' lang='lat' dir='ltr'>strictiori)</span> <span class='ocrx_word' id='word_1_33' title='bbox 265 837 478 925; x_wconf 66' lang='lat' dir='ltr'>disciplinam,</span> <span class='ocrx_word' id='word_1_34' title='bbox 506 834 532 895; x_wconf 84' lang='lat' dir='ltr'>Ii</span> <span class='ocrx_word' id='word_1_35' title='bbox 551 835 616 897; x_wconf 92' lang='lat' dir='ltr'>sola</span> <span class='ocrx_word' id='word_1_36' title='bbox 635 831 676 896; x_wconf 90' lang='lat' dir='ltr'>ad</span> <span class='ocrx_word' id='word_1_37' title='bbox 692 835 864 920; x_wconf 89' lang='lat' dir='ltr'>imperium</span> <span class='ocrx_word' id='word_1_38' title='bbox 883 836 1068 917; x_wconf 85' lang='lat' dir='ltr'>accessisset,</span> <span class='ocrx_word' id='word_1_39' title='bbox 1097 841 1199 904; x_wconf 86' lang='lat' dir='ltr'>nimio</span> 
     </span>
     <span class='ocr_line' id='line_1_7' title="bbox 90 931 1200 1025; baseline 0.001 -24"><span class='ocrx_word' id='word_1_40' title='bbox 90 938 242 1025; x_wconf 85' lang='lat' dir='ltr'>(ideoque</span> <span class='ocrx_word' id='word_1_41' title='bbox 262 931 542 1024; x_wconf 85' lang='lat' dir='ltr'>reprehendendo)</span> <span class='ocrx_word' id='word_1_42' title='bbox 565 932 745 1019; x_wconf 83' lang='lat' dir='ltr'>spiritaliter</span> <span class='ocrx_word' id='word_1_43' title='bbox 765 947 798 998; x_wconf 88' lang='lat' dir='ltr'>et</span> <span class='ocrx_word' id='word_1_44' title='bbox 815 934 998 1022; x_wconf 85' lang='lat' dir='ltr'>scripturam</span> <span class='ocrx_word' id='word_1_45' title='bbox 1011 940 1127 1001; x_wconf 88' lang='lat' dir='ltr'>sacram</span> <span class='ocrx_word' id='word_1_46' title='bbox 1142 941 1200 1002; x_wconf 88' lang='lat' dir='ltr'>in·-</span> 
     </span>
     <span class='ocr_line' id='line_1_8' title="bbox 89 1032 1199 1131; baseline 0.001 -29"><span class='ocrx_word' id='word_1_47' title='bbox 89 1038 283 1126; x_wconf 86' lang='lat' dir='ltr'>terpretandi</span> <span class='ocrx_word' id='word_1_48' title='bbox 306 1049 339 1099; x_wconf 88' lang='lat' dir='ltr'>et</span> <span class='ocrx_word' id='word_1_49' title='bbox 357 1035 503 1131; x_wconf 83' lang='lat' dir='ltr'>dogmata</span> <span class='ocrx_word' id='word_1_50' title='bbox 516 1032 717 1115; x_wconf 87' lang='lat' dir='ltr'>intelligendi</span> <span class='ocrx_word' id='word_1_51' title='bbox 730 1035 869 1121; x_wconf 90' lang='lat' dir='ltr'>ipsorum</span> <span class='ocrx_word' id='word_1_52' title='bbox 884 1036 986 1100; x_wconf 76' lang='lat' dir='ltr'>studio</span> <span class='ocrx_word' id='word_1_53' title='bbox 1001 1038 1199 1122; x_wconf 89' lang='lat' dir='ltr'>(idealismo)</span> 
     </span>
     <span class='ocr_line' id='line_1_9' title="bbox 89 1129 1200 1223; baseline 0 -20"><span class='ocrx_word' id='word_1_54' title='bbox 89 1142 247 1220; x_wconf 87' lang='lat' dir='ltr'>genuinae</span> <span class='ocrx_word' id='word_1_55' title='bbox 256 1137 418 1202; x_wconf 89' lang='lat' dir='ltr'>doctrinae</span> <span class='ocrx_word' id='word_1_56' title='bbox 427 1129 1095 1223; x_wconf 81' lang='lat' dir='ltr'>christianaevariismodianocerepottrisse.</span> <span class='ocrx_word' id='word_1_57' title='bbox 1116 1140 1200 1204; x_wconf 90' lang='lat' dir='ltr'>Huic</span> 
     </span>
     <span class='ocr_line' id='line_1_10' title="bbox 88 1231 1202 1325; baseline 0 -21"><span class='ocrx_word' id='word_1_58' title='bbox 88 1243 186 1324; x_wconf 83' lang='lat' dir='ltr'>igitur</span> <span class='ocrx_word' id='word_1_59' title='bbox 200 1240 358 1303; x_wconf 86' lang='lat' dir='ltr'>utiliffima</span> <span class='ocrx_word' id='word_1_60' title='bbox 374 1249 441 1300; x_wconf 92' lang='lat' dir='ltr'>erat</span> <span class='ocrx_word' id='word_1_61' title='bbox 454 1234 700 1302; x_wconf 88' lang='lat' dir='ltr'>occidentalium</span> <span class='ocrx_word' id='word_1_62' title='bbox 712 1249 839 1325; x_wconf 87' lang='lat' dir='ltr'>patrum</span> <span class='ocrx_word' id='word_1_63' title='bbox 852 1231 1032 1323; x_wconf 87' lang='lat' dir='ltr'>disciplinae</span> <span class='ocrx_word' id='word_1_64' title='bbox 1046 1240 1202 1324; x_wconf 81' lang='lat' dir='ltr'>practicae</span> 
     </span>
     <span class='ocr_line' id='line_1_11' title="bbox 90 1328 1201 1424; baseline -0.002 -20"><span class='ocrx_word' id='word_1_65' title='bbox 90 1340 313 1404; x_wconf 84' lang='lat' dir='ltr'>ecclesiasticae</span> <span class='ocrx_word' id='word_1_66' title='bbox 332 1350 365 1400; x_wconf 89' lang='lat' dir='ltr'>et</span> <span class='ocrx_word' id='word_1_67' title='bbox 382 1337 606 1419; x_wconf 84' lang='lat' dir='ltr'>antignolticae</span> <span class='ocrx_word' id='word_1_68' title='bbox 624 1359 696 1403; x_wconf 84' lang='lat' dir='ltr'>curu</span> <span class='ocrx_word' id='word_1_69' title='bbox 711 1328 933 1401; x_wconf 78' lang='lat' dir='ltr'>Alexandrinis</span> <span class='ocrx_word' id='word_1_70' title='bbox 951 1360 1067 1424; x_wconf 78' lang='lat' dir='ltr'>pugna.</span> <span class='ocrx_word' id='word_1_71' title='bbox 1116 1332 1201 1403; x_wconf 84' lang='lat' dir='ltr'>Hinc</span> 
     </span>
     <span class='ocr_line' id='line_1_12' title="bbox 89 1431 1202 1527; baseline 0.002 -25"><span class='ocrx_word' id='word_1_72' title='bbox 89 1461 172 1527; x_wconf 85' lang='lat' dir='ltr'>quae</span> <span class='ocrx_word' id='word_1_73' title='bbox 184 1442 223 1502; x_wconf 92' lang='lat' dir='ltr'>ab</span> <span class='ocrx_word' id='word_1_74' title='bbox 238 1442 336 1502; x_wconf 90' lang='lat' dir='ltr'>altera</span> <span class='ocrx_word' id='word_1_75' title='bbox 343 1451 432 1526; x_wconf 86' lang='lat' dir='ltr'>parte</span> <span class='ocrx_word' id='word_1_76' title='bbox 441 1431 548 1501; x_wconf 87' lang='lat' dir='ltr'>minus</span> <span class='ocrx_word' id='word_1_77' title='bbox 558 1453 642 1502; x_wconf 84' lang='lat' dir='ltr'>recte</span> <span class='ocrx_word' id='word_1_78' title='bbox 649 1440 882 1517; x_wconf 82' lang='lat' dir='ltr'>statuebantur,</span> <span class='ocrx_word' id='word_1_79' title='bbox 896 1453 954 1524; x_wconf 86' lang='lat' dir='ltr'>per</span> <span class='ocrx_word' id='word_1_80' title='bbox 966 1441 1095 1502; x_wconf 87' lang='lat' dir='ltr'>alteriue</span> <span class='ocrx_word' id='word_1_81' title='bbox 1103 1440 1202 1527; x_wconf 91' lang='lat' dir='ltr'>pertis</span> 
     </span>
     <span class='ocr_line' id='line_1_13' title="bbox 88 1534 1203 1637; baseline 0.001 -33"><span class='ocrx_word' id='word_1_82' title='bbox 88 1542 287 1620; x_wconf 83' lang='lat' dir='ltr'>sententiam,</span> <span class='ocrx_word' id='word_1_83' title='bbox 297 1534 545 1626; x_wconf 87' lang='lat' dir='ltr'>oppositamillis</span> <span class='ocrx_word' id='word_1_84' title='bbox 553 1537 694 1625; x_wconf 85' lang='lat' dir='ltr'>quidem,</span> <span class='ocrx_word' id='word_1_85' title='bbox 707 1537 759 1603; x_wconf 84' lang='lat' dir='ltr'>led</span> <span class='ocrx_word' id='word_1_86' title='bbox 769 1534 1009 1624; x_wconf 86' lang='lat' dir='ltr'>nequehttttcab</span> <span class='ocrx_word' id='word_1_87' title='bbox 1017 1539 1103 1601; x_wconf 86' lang='lat' dir='ltr'>omni</span> <span class='ocrx_word' id='word_1_88' title='bbox 1113 1552 1203 1637; x_wconf 63' lang='lat' dir='ltr'>parte</span> 
     </span>
     <span class='ocr_line' id='line_1_14' title="bbox 90 1634 1203 1722; baseline -0.003 -16"><span class='ocrx_word' id='word_1_89' title='bbox 90 1655 227 1722; x_wconf 84' lang='lat' dir='ltr'>rectam,</span> <span class='ocrx_word' id='word_1_90' title='bbox 249 1661 267 1703; x_wconf 91' lang='lat' dir='ltr'>a</span> <span class='ocrx_word' id='word_1_91' title='bbox 283 1634 449 1703; x_wconf 86' lang='lat' dir='ltr'>dominatu</span> <span class='ocrx_word' id='word_1_92' title='bbox 464 1639 667 1718; x_wconf 80' lang='lat' dir='ltr'>arcebantur3</span> <span class='ocrx_word' id='word_1_93' title='bbox 690 1645 721 1700; x_wconf 89' lang='lat' dir='ltr'>et</span> <span class='ocrx_word' id='word_1_94' title='bbox 733 1640 792 1701; x_wconf 90' lang='lat' dir='ltr'>hac</span> <span class='ocrx_word' id='word_1_95' title='bbox 808 1637 939 1704; x_wconf 89' lang='lat' dir='ltr'>demum</span> <span class='ocrx_word' id='word_1_96' title='bbox 953 1640 1075 1703; x_wconf 88' lang='lat' dir='ltr'>ratione</span> <span class='ocrx_word' id='word_1_97' title='bbox 1089 1636 1203 1719; x_wconf 80' lang='lat' dir='ltr'>(etiam</span> 
     </span>
     <span class='ocr_line' id='line_1_15' title="bbox 88 1734 1201 1828; baseline 0 -23"><span class='ocrx_word' id='word_1_98' title='bbox 88 1741 176 1806; x_wconf 87' lang='lat' dir='ltr'>hand</span> <span class='ocrx_word' id='word_1_99' title='bbox 197 1738 504 1804; x_wconf 87' lang='lat' dir='ltr'>contemnendorum</span> <span class='ocrx_word' id='word_1_100' title='bbox 522 1734 647 1802; x_wconf 91' lang='lat' dir='ltr'>scholae</span> <span class='ocrx_word' id='word_1_101' title='bbox 662 1734 885 1802; x_wconf 79' lang='lat' dir='ltr'>Antiochense</span> <span class='ocrx_word' id='word_1_102' title='bbox 898 1772 942 1789; x_wconf 64' lang='grc' dir='ltr'>ο-</span> <span class='ocrx_word' id='word_1_103' title='bbox 958 1762 1040 1828; x_wconf 90' lang='lat' dir='ltr'>quae</span> <span class='ocrx_word' id='word_1_104' title='bbox 1059 1741 1201 1805; x_wconf 86' lang='lat' dir='ltr'>maxime</span> 
     </span>
     <span class='ocr_line' id='line_1_16' title="bbox 90 1833 1202 1925; baseline -0.003 -19"><span class='ocrx_word' id='word_1_105' title='bbox 90 1843 252 1906; x_wconf 83' lang='lat' dir='ltr'>eminebat</span> <span class='ocrx_word' id='word_1_106' title='bbox 263 1839 524 1925; x_wconf 83' lang='lat' dir='ltr'>interpretatione</span> <span class='ocrx_word' id='word_1_107' title='bbox 535 1833 690 1901; x_wconf 90' lang='lat' dir='ltr'>librorum</span> <span class='ocrx_word' id='word_1_108' title='bbox 698 1840 857 1901; x_wconf 86' lang='lat' dir='ltr'>sacrorum</span> <span class='ocrx_word' id='word_1_109' title='bbox 864 1844 1079 1919; x_wconf 85' lang='lat' dir='ltr'>grammatica,</span> <span class='ocrx_word' id='word_1_110' title='bbox 1094 1838 1202 1903; x_wconf 90' lang='lat' dir='ltr'>media</span> 
     </span>
     <span class='ocr_line' id='line_1_17' title="bbox 89 1934 1202 2021; baseline 0 -19"><span class='ocrx_word' id='word_1_111' title='bbox 89 1941 174 2003; x_wconf 87' lang='lat' dir='ltr'>inter</span> <span class='ocrx_word' id='word_1_112' title='bbox 192 1935 351 2002; x_wconf 88' lang='lat' dir='ltr'>carnalem</span> <span class='ocrx_word' id='word_1_113' title='bbox 370 1951 402 2002; x_wconf 89' lang='lat' dir='ltr'>et</span> <span class='ocrx_word' id='word_1_114' title='bbox 416 1934 711 2001; x_wconf 82' lang='lat' dir='ltr'>Alexandrinorum</span> <span class='ocrx_word' id='word_1_115' title='bbox 731 1934 928 2001; x_wconf 87' lang='lat' dir='ltr'>arbitrariam</span> <span class='ocrx_word' id='word_1_116' title='bbox 943 1940 1144 2021; x_wconf 76' lang='lat' dir='ltr'>allegoricam</span> <span class='ocrx_word' id='word_1_117' title='bbox 1158 1974 1202 1991; x_wconf 88' lang='lat'>-</span> 
     </span>
     <span class='ocr_line' id='line_1_18' title="bbox 89 2036 1202 2126; baseline 0.004 -24"><span class='ocrx_word' id='word_1_118' title='bbox 89 2037 266 2103; x_wconf 88' lang='lat' dir='ltr'>studiorum</span> <span class='ocrx_word' id='word_1_119' title='bbox 289 2043 366 2125; x_wconf 90' lang='lat' dir='ltr'>ope)</span> <span class='ocrx_word' id='word_1_120' title='bbox 394 2059 452 2124; x_wconf 89' lang='lat' dir='ltr'>per</span> <span class='ocrx_word' id='word_1_121' title='bbox 475 2036 583 2102; x_wconf 89' lang='lat' dir='ltr'>media</span> <span class='ocrx_word' id='word_1_122' title='bbox 610 2037 847 2125; x_wconf 87' lang='lat' dir='ltr'>disciplinarum</span> <span class='ocrx_word' id='word_1_123' title='bbox 873 2041 1015 2126; x_wconf 82' lang='lat' dir='ltr'>opposita</span> <span class='ocrx_word' id='word_1_124' title='bbox 1041 2039 1202 2126; x_wconf 88' lang='lat' dir='ltr'>utrimque</span> 
     </span>
     <span class='ocr_line' id='line_1_19' title="bbox 90 2136 1201 2231; baseline 0.003 -28"><span class='ocrx_word' id='word_1_125' title='bbox 90 2161 157 2204; x_wconf 90' lang='lat' dir='ltr'>non</span> <span class='ocrx_word' id='word_1_126' title='bbox 181 2138 255 2202; x_wconf 89' lang='lat' dir='ltr'>satis</span> <span class='ocrx_word' id='word_1_127' title='bbox 279 2138 501 2224; x_wconf 85' lang='lat' dir='ltr'>circumspecte</span> <span class='ocrx_word' id='word_1_128' title='bbox 519 2137 734 2201; x_wconf 88' lang='lat' dir='ltr'>institutarum</span> <span class='ocrx_word' id='word_1_129' title='bbox 754 2136 896 2202; x_wconf 86' lang='lat' dir='ltr'>doctrina</span> <span class='ocrx_word' id='word_1_130' title='bbox 919 2142 1101 2223; x_wconf 88' lang='lat' dir='ltr'>christiana,</span> <span class='ocrx_word' id='word_1_131' title='bbox 1136 2165 1201 2231; x_wconf 90' lang='lat' dir='ltr'>quo</span> 
     </span>
     <span class='ocr_line' id='line_1_20' title="bbox 90 2236 1089 2326; baseline 0.005 -24"><span class='ocrx_word' id='word_1_132' title='bbox 90 2237 195 2303; x_wconf 88' lang='lat' dir='ltr'>indies</span> <span class='ocrx_word' id='word_1_133' title='bbox 208 2236 322 2304; x_wconf 88' lang='lat' dir='ltr'>clarius</span> <span class='ocrx_word' id='word_1_134' title='bbox 335 2241 515 2326; x_wconf 79' lang='lat' dir='ltr'>rectiorque</span> <span class='ocrx_word' id='word_1_135' title='bbox 528 2237 871 2326; x_wconf 88' lang='lat' dir='ltr'>comprehenderetur,</span> <span class='ocrx_word' id='word_1_136' title='bbox 893 2245 1089 2326; x_wconf 82' lang='lat' dir='ltr'>penetrabat.</span> 
     </span>
    </p>
   </div>
   <div class='ocr_carea' id='block_1_3' title="bbox 89 2431 1203 3505">
    <p class='ocr_par' dir='ltr' id='par_1_3' title="bbox 89 2431 1203 3505">
     <span class='ocr_line' id='line_1_21' title="bbox 176 2431 1202 2528; baseline 0.003 -25"><span class='ocrx_word' id='word_1_137' title='bbox 176 2437 314 2517; x_wconf 87' lang='lat' dir='ltr'>Jamjam</span> <span class='ocrx_word' id='word_1_138' title='bbox 338 2449 375 2500; x_wconf 89' lang='lat' dir='ltr'>ut</span> <span class='ocrx_word' id='word_1_139' title='bbox 400 2437 500 2501; x_wconf 86' lang='lat' dir='ltr'>finem</span> <span class='ocrx_word' id='word_1_140' title='bbox 519 2436 674 2523; x_wconf 86' lang='lat' dir='ltr'>opusculo</span> <span class='ocrx_word' id='word_1_141' title='bbox 695 2431 917 2524; x_wconf 86' lang='lat' dir='ltr'>imponamus,</span> <span class='ocrx_word' id='word_1_142' title='bbox 952 2434 1039 2528; x_wconf 91' lang='lat' dir='ltr'>quod</span> <span class='ocrx_word' id='word_1_143' title='bbox 1059 2439 1202 2506; x_wconf 80' lang='lat' dir='ltr'>universa</span> 
     </span>
     <span class='ocr_line' id='line_1_22' title="bbox 89 2532 1203 2625; baseline 0.005 -23"><span class='ocrx_word' id='word_1_144' title='bbox 89 2539 218 2603; x_wconf 82' lang='lat' dir='ltr'>historia</span> <span class='ocrx_word' id='word_1_145' title='bbox 251 2536 454 2619; x_wconf 85' lang='lat' dir='ltr'>dogmatum,</span> <span class='ocrx_word' id='word_1_146' title='bbox 496 2532 586 2601; x_wconf 89' lang='lat' dir='ltr'>idem</span> <span class='ocrx_word' id='word_1_147' title='bbox 615 2537 785 2625; x_wconf 88' lang='lat' dir='ltr'>praecipue</span> <span class='ocrx_word' id='word_1_148' title='bbox 811 2542 936 2605; x_wconf 91' lang='lat' dir='ltr'>scholae</span> <span class='ocrx_word' id='word_1_149' title='bbox 961 2542 1203 2610; x_wconf 85' lang='lat' dir='ltr'>Alexandrinae</span> 
     </span>
     <span class='ocr_line' id='line_1_23' title="bbox 89 2638 1202 2733; baseline 0.007 -31"><span class='ocrx_word' id='word_1_150' title='bbox 89 2638 218 2702; x_wconf 87' lang='lat' dir='ltr'>historia</span> <span class='ocrx_word' id='word_1_151' title='bbox 237 2639 365 2703; x_wconf 87' lang='lat' dir='ltr'>efficere</span> <span class='ocrx_word' id='word_1_152' title='bbox 385 2638 505 2727; x_wconf 87' lang='lat' dir='ltr'>potest:</span> <span class='ocrx_word' id='word_1_153' title='bbox 536 2638 653 2702; x_wconf 90' lang='lat' dir='ltr'>scilicet</span> <span class='ocrx_word' id='word_1_154' title='bbox 668 2651 703 2700; x_wconf 94' lang='lat' dir='ltr'>ut</span> <span class='ocrx_word' id='word_1_155' title='bbox 715 2640 881 2705; x_wconf 86' lang='lat' dir='ltr'>enucleata</span> <span class='ocrx_word' id='word_1_156' title='bbox 894 2644 1056 2708; x_wconf 84' lang='lat' dir='ltr'>variorum</span> <span class='ocrx_word' id='word_1_157' title='bbox 1069 2657 1202 2733; x_wconf 88' lang='lat' dir='ltr'>tempo·-</span> 
     </span>
     <span class='ocr_line' id='line_1_24' title="bbox 90 2736 1202 2827; baseline 0.006 -25"><span class='ocrx_word' id='word_1_158' title='bbox 90 2760 163 2802; x_wconf 89' lang='lat' dir='ltr'>rurn</span> <span class='ocrx_word' id='word_1_159' title='bbox 184 2740 417 2824; x_wconf 89' lang='lat' dir='ltr'>hominumque</span> <span class='ocrx_word' id='word_1_160' title='bbox 439 2736 581 2803; x_wconf 86' lang='lat' dir='ltr'>doctrina</span> <span class='ocrx_word' id='word_1_161' title='bbox 605 2737 772 2802; x_wconf 86' lang='lat' dir='ltr'>christiana</span> <span class='ocrx_word' id='word_1_162' title='bbox 796 2741 863 2803; x_wconf 88' lang='lat' dir='ltr'>sine</span> <span class='ocrx_word' id='word_1_163' title='bbox 883 2744 1021 2827; x_wconf 84' lang='lat' dir='ltr'>partium</span> <span class='ocrx_word' id='word_1_164' title='bbox 1038 2744 1141 2808; x_wconf 89' lang='lat' dir='ltr'>studio</span> <span class='ocrx_word' id='word_1_165' title='bbox 1159 2743 1202 2809; x_wconf 88' lang='lat' dir='ltr'>ad</span> 
     </span>
     <span class='ocr_line' id='line_1_25' title="bbox 90 2837 1201 2930; baseline 0.005 -27"><span class='ocrx_word' id='word_1_166' title='bbox 90 2841 193 2903; x_wconf 83' lang='lat' dir='ltr'>solum</span> <span class='ocrx_word' id='word_1_167' title='bbox 213 2839 383 2923; x_wconf 84' lang='lat' dir='ltr'>scripturae</span> <span class='ocrx_word' id='word_1_168' title='bbox 403 2839 505 2900; x_wconf 86' lang='lat' dir='ltr'>sacrae</span> <span class='ocrx_word' id='word_1_169' title='bbox 522 2840 647 2900; x_wconf 86' lang='lat' dir='ltr'>fontem</span> <span class='ocrx_word' id='word_1_170' title='bbox 665 2837 895 2925; x_wconf 87' lang='lat' dir='ltr'>producamur,</span> <span class='ocrx_word' id='word_1_171' title='bbox 919 2852 971 2922; x_wconf 87' lang='lat' dir='ltr'>ut,</span> <span class='ocrx_word' id='word_1_172' title='bbox 993 2865 1201 2930; x_wconf 90' lang='lat' dir='ltr'>quaecunque</span> 
     </span>
     <span class='ocr_line' id='line_1_26' title="bbox 92 2934 1203 3026; baseline 0.005 -23"><span class='ocrx_word' id='word_1_173' title='bbox 92 2939 204 3020; x_wconf 87' lang='lat' dir='ltr'>religio</span> <span class='ocrx_word' id='word_1_174' title='bbox 226 2937 392 3000; x_wconf 89' lang='lat' dir='ltr'>christiana</span> <span class='ocrx_word' id='word_1_175' title='bbox 415 2934 492 3000; x_wconf 94' lang='lat' dir='ltr'>boni</span> <span class='ocrx_word' id='word_1_176' title='bbox 515 2935 673 3017; x_wconf 88' lang='lat' dir='ltr'>attulerit,</span> <span class='ocrx_word' id='word_1_177' title='bbox 698 2959 736 3001; x_wconf 89' lang='lat' dir='ltr'>ea</span> <span class='ocrx_word' id='word_1_178' title='bbox 756 2942 795 3002; x_wconf 89' lang='lat' dir='ltr'>ab</span> <span class='ocrx_word' id='word_1_179' title='bbox 810 2939 877 3026; x_wconf 85' lang='lat' dir='ltr'>ipsa</span> <span class='ocrx_word' id='word_1_180' title='bbox 895 2941 989 3004; x_wconf 88' lang='lat' dir='ltr'>allata</span> <span class='ocrx_word' id='word_1_181' title='bbox 1010 2942 1203 3009; x_wconf 79' lang='lat' dir='ltr'>essevidea-</span> 
     </span>
     <span class='ocr_line' id='line_1_27' title="bbox 90 3034 1201 3126; baseline 0.004 -22"><span class='ocrx_word' id='word_1_182' title='bbox 90 3061 165 3105; x_wconf 92' lang='lat' dir='ltr'>mus</span> <span class='ocrx_word' id='word_1_183' title='bbox 182 3036 376 3101; x_wconf 88' lang='lat' dir='ltr'>immutabili</span> <span class='ocrx_word' id='word_1_184' title='bbox 396 3056 432 3099; x_wconf 84' lang='lat' dir='ltr'>ac</span> <span class='ocrx_word' id='word_1_185' title='bbox 450 3034 559 3100; x_wconf 80' lang='lat' dir='ltr'>divina</span> <span class='ocrx_word' id='word_1_186' title='bbox 575 3039 784 3125; x_wconf 88' lang='lat' dir='ltr'>proprietate,</span> <span class='ocrx_word' id='word_1_187' title='bbox 809 3039 899 3101; x_wconf 86' lang='lat' dir='ltr'>etita</span> <span class='ocrx_word' id='word_1_188' title='bbox 914 3038 1043 3126; x_wconf 89' lang='lat' dir='ltr'>quidem</span> <span class='ocrx_word' id='word_1_189' title='bbox 1056 3046 1201 3108; x_wconf 89' lang='lat' dir='ltr'>mutabi-</span> 
     </span>
     <span class='ocr_line' id='line_1_28' title="bbox 91 3136 1201 3232; baseline 0.002 -27"><span class='ocrx_word' id='word_1_190' title='bbox 91 3143 157 3205; x_wconf 87' lang='lat' dir='ltr'>lem</span> <span class='ocrx_word' id='word_1_191' title='bbox 178 3137 341 3219; x_wconf 82' lang='lat' dir='ltr'>religionis</span> <span class='ocrx_word' id='word_1_192' title='bbox 361 3136 547 3200; x_wconf 81' lang='lat' dir='ltr'>christianae</span> <span class='ocrx_word' id='word_1_193' title='bbox 558 3138 697 3202; x_wconf 85' lang='lat' dir='ltr'>formam</span> <span class='ocrx_word' id='word_1_194' title='bbox 709 3142 852 3225; x_wconf 89' lang='lat' dir='ltr'>separare</span> <span class='ocrx_word' id='word_1_195' title='bbox 865 3138 1069 3207; x_wconf 80' lang='lat' dir='ltr'>didicerimus</span> <span class='ocrx_word' id='word_1_196' title='bbox 1084 3145 1201 3232; x_wconf 89' lang='lat' dir='ltr'>abipsa</span> 
     </span>
     <span class='ocr_line' id='line_1_29' title="bbox 92 3238 1202 3323; baseline 0.002 -18"><span class='ocrx_word' id='word_1_197' title='bbox 92 3246 162 3321; x_wconf 86' lang='lat' dir='ltr'>ejue</span> <span class='ocrx_word' id='word_1_198' title='bbox 181 3253 310 3318; x_wconf 86' lang='lat' dir='ltr'>natura,</span> <span class='ocrx_word' id='word_1_199' title='bbox 339 3248 435 3323; x_wconf 89' lang='lat' dir='ltr'>atque</span> <span class='ocrx_word' id='word_1_200' title='bbox 452 3249 489 3300; x_wconf 93' lang='lat' dir='ltr'>ut</span> <span class='ocrx_word' id='word_1_201' title='bbox 507 3257 527 3300; x_wconf 89' lang='lat' dir='ltr'>e</span> <span class='ocrx_word' id='word_1_202' title='bbox 542 3241 777 3303; x_wconf 78' lang='lat' dir='ltr'>recurrentibus</span> <span class='ocrx_word' id='word_1_203' title='bbox 792 3238 914 3302; x_wconf 88' lang='lat' dir='ltr'>eisdem</span> <span class='ocrx_word' id='word_1_204' title='bbox 928 3242 1088 3308; x_wconf 88' lang='lat' dir='ltr'>hnmanae</span> <span class='ocrx_word' id='word_1_205' title='bbox 1101 3256 1202 3308; x_wconf 89' lang='lat' dir='ltr'>natu-</span> 
     </span>
     <span class='ocr_line' id='line_1_30' title="bbox 92 3335 1201 3428; baseline 0.005 -23"><span class='ocrx_word' id='word_1_206' title='bbox 92 3365 145 3405; x_wconf 84' lang='lat' dir='ltr'>rae</span> <span class='ocrx_word' id='word_1_207' title='bbox 171 3340 332 3428; x_wconf 85' lang='lat' dir='ltr'>principiis</span> <span class='ocrx_word' id='word_1_208' title='bbox 359 3335 531 3425; x_wconf 85' lang='lat' dir='ltr'>studiisque</span> <span class='ocrx_word' id='word_1_209' title='bbox 551 3341 695 3426; x_wconf 89' lang='lat' dir='ltr'>scopulos</span> <span class='ocrx_word' id='word_1_210' title='bbox 713 3341 873 3426; x_wconf 85' lang='lat' dir='ltr'>utrimque</span> <span class='ocrx_word' id='word_1_211' title='bbox 891 3341 1096 3410; x_wconf 84' lang='lat' dir='ltr'>imminentes</span> <span class='ocrx_word' id='word_1_212' title='bbox 1116 3343 1201 3411; x_wconf 88' lang='lat' dir='ltr'>edo-</span> 
     </span>
     <span class='ocr_line' id='line_1_31' title="bbox 93 3442 346 3505; baseline -0.012 0"><span class='ocrx_word' id='word_1_213' title='bbox 93 3463 221 3505; x_wconf 87' lang='lat' dir='ltr'>ceamur</span> <span class='ocrx_word' id='word_1_214' title='bbox 236 3442 346 3503; x_wconf 80' lang='lat' dir='ltr'>vitare.</span> 
     </span>
    </p>
   </div>
   <div class='ocr_carea' id='block_1_4' title="bbox 472 3672 820 3701">
    <p class='ocr_par' dir='ltr' id='par_1_4' title="bbox 472 3672 820 3701">
     <span class='ocr_line' id='line_1_32' title="bbox 472 3672 820 3701; baseline 0.009 -7"><span class='ocrx_word' id='word_1_215' title='bbox 472 3672 820 3701; x_wconf 54' lang='grc'>*-</span> 
     </span>
    </p>
   </div>
   <div class='ocr_carea' id='block_1_5' title="bbox 0 0 1296 4770">
    <p class='ocr_par' dir='ltr' id='par_1_5' title="bbox 0 0 1296 4770">
     <span class='ocr_line' id='line_1_33' title="bbox 0 0 1296 4770; baseline 0 0"><span class='ocrx_word' id='word_1_216' title='bbox 0 0 1296 4770; x_wconf 95' lang='lat' dir='ltr'> </span> 
     </span>
    </p>
   </div>
  </div>
 </body>
</html>
