2572 4770
405 359 562 432 eceman
577 356 892 454 :mscsaangut
1130 358 1201 437 tss

84 542 150 632 τῆς
163 536 335 618 κολάσεως
348 534 517 633 ἀκουσίως
529 536 902 628 έξομολογουμένους”).
945 540 1123 628 Utrumque
1140 560 1217 606 au·-
1260 615 1265 625 .

86 658 159 711 tem
171 642 273 731 <quod
287 647 352 723 jorn
365 647 455 730 supro
468 644 730 726 fignificaaimus)
750 642 814 705 ittic
836 644 893 705 iret
913 643 1080 705 animabus
1093 662 1112 706 ε
1128 658 1206 708 eor-1

89 747 224 834 poribus
237 746 349 809 solutis
363 744 441 825 (Str.
448 742 508 824 vl,
522 757 553 823 6,
567 750 647 810 7643
670 743 783 824 „Sunt
794 743 882 806 enim
894 744 1061 817 salutares,
1077 755 1111 808 et
1122 762 1209 830 quse

94 845 264 925 erudiunt,
292 844 356 911 Dei
374 845 608 927 castigationes,
636 842 830 907 adducentes
842 841 883 906 ad
896 844 1151 924 converfiooem,
1172 852 1210 908 et

90 947 200 1035 potius
220 947 453 1034 poenitentium
471 945 644 1034 peccatoris
665 946 838 1024 eligentes,
865 963 963 1030 quem
973 958 1129 1030 mortem,
1150 947 1224 1011 icte-

90 1046 349 1137 quepraecipue
367 1052 449 1109 'curn
476 1048 593 1132 potsunt
613 1045 870 1130 onimae'purius
890 1046 1084 1132 perspicere,
1123 1058 1208 1136 qustt

87 1151 165 1213 lunt
194 1147 364 1211 liberaea
394 1148 578 1235 corporibus
613 1144 701 1228 (scis
727 1138 893 1229 σωμάτων
919 1136 1205 1234 ἆπηλλαγμέναε)“
1227 1188 1232 1213 t

89 1248 217 1312 edsmti
239 1248 444 1312 obscurentur
468 1249 761 1335 perturbationibus
787 1235 864 1327 (sdic
887 1238 1037 1313 πάθεσιν
1063 1243 1210 1317 duceno-

89 1348 249 1428 τῶνται),
271 1370 310 1412 eo
328 1348 415 1435 quod
433 1370 499 1412 nou
512 1350 651 1439 amplius
664 1350 712 1412 eis
726 1348 790 1411 ieie
808 1360 948 1433 opponet
962 1350 1086 1430 caro'’).
1195 1364 1203 1387 ³

177 1449 432 1537 Interrumpetur
451 1451 531 1513 haec
551 1450 730 1513 animarum
749 1448 818 1534 poit
832 1461 971 1513 mortem
986 1449 1128 1514 conditio
1138 1450 1209 1515 in-

91 1551 226 1615 te‘ritu
253 1550 394 1613 mundi
417 1548 612 1614 visibilis.
667 1547 861 1636 Comprobat
880 1546 969 1614 enim
983 1549 1133 1615 Clemens
1151 1540 1226 1615 ‹tt-⁸

93 1663 222 1730 centes,
253 1650 412 1715 mundum
440 1647 613 1737 aliquando
637 1648 703 1730 igni
729 1653 916 1714 conversum
937 1652 979 1714 iri
1001 1649 1078 1732 (Str.
1093 1652 1137 1734 V,
1156 1658 1209 1734 14,

93 1756 229 1833 ttae).
278 1750 417 1831 Quando
444 1747 712 1814 iinismundi
738 1751 848 1832 instet,
882 1751 1209 1834 fignificatOu.div.
1256 1822 1265 1851 a

91 1855 172 1919 Islv.
188 1865 238 1931 66,
255 1864 316 1920 966
336 1853 389 1916 his
408 1852 533 1915 verbis:
567 1843 665 1914 Εἰσὶν
687 1837 750 1935 ἤδη
768 1851 857 1928 τινὲς
877 1851 935 1917 καὶ
954 1852 1022 1916 τῶν
1046 1842 1209 1919 ἐκλεκτῶν

94 1945 326 2040 bumana
340 2002 347 2017 .
362 2001 370 2018 .
377 1997 388 2030 ,
403 1941 461 2027 οὓς
474 1942 492 2016 ὁ
506 1941 605 2034 λόγος
617 1948 691 2034 φῶς
702 1948 763 2013 τοῦ
773 1947 901 2034 κόσμου
913 1953 970 2019 καὶ
984 1942 1137 2039 diductis
1148 1951 1212 2039 γῆέ

95 2052 211 2134 καλεῖ,
231 2047 325 2119 τοῦτ’
338 2047 413 2118 ἐστὶ
432 2048 472 2116 τὸ
486 2045 622 2136 σπέρμα
640 2043 754 2129 (εἰκών
765 2050 822 2115 καὶ
831 2043 999 2133 Ιὁμοίωσις
1014 2046 1103 2113 θεοῦ
1108 2080 1119 2124 3
1150 2048 1211 2119 καλ

94 2151 211 2223 τέκνον
230 2150 334 2219 αὑτοῦ
352 2145 488 2239 γνήσιον
512 2151 569 2215 καὶ
586 2141 825 2235 κληρονόμον),
852 2146 963 2240 ὥςπερ
985 2144 1046 2215 tot
1060 2170 1135 2215 τινα
1151 2149 1211 2228 ξε·

95 2248 223 2320 νιτείαν
245 2257 368 2334 (vetuti
385 2255 420 2317 in
443 2252 577 2316 exilium
600 2248 784 2337 quoddam)
813 2246 961 2316 ἐνταῦθα
991 2243 1210 2333 πεμπόμενον

94 2345 166 2419 bob
187 2348 335 2439 μεγάλης
354 2348 548 2435 οἰκονομίας
569 2351 627 2415 καὶ
637 2346 816 2436 ἀναλογίας
825 2353 887 2417 τοῦ
897 2346 1042 2439 πατρὸς,
1064 2400 1073 2418 .
1092 2401 1128 2420 ..
1150 2354 1210 2420 καὶ

95 2446 208 2519 πάντα
226 2452 342 2539 μέχρις
363 2445 402 2518 iia
425 2450 572 2518 ἐνταῦθα
591 2446 631 2516 τὸ
654 2449 789 2540 σπέρμα
806 2447 905 2538 μένῃ,
936 2450 1124 2541 συνέχεται,
1150 2452 1211 2523 καλ

97 2549 319 2634 συναχθέντος
342 2544 444 2618 αὐτοῦ
471 2548 693 2639 (σπέρματος)
716 2554 822 2618 ταῦτα
843 2546 984 2634 τάχιοτα
1009 2549 1209 2642 λυθήσεταυί

99 2656 164 2736 (cf.
179 2654 323 2720 Neandri
335 2655 368 2718 S.
384 2656 426 2720 V.
439 2655 745 2736 genet.Entwicket.
759 2653 790 2717 d.
806 2656 903 2736 gnost.
917 2654 952 2720 S.
964 2678 996 2742 p.
1011 2659 1102 2735 218.)
1135 2654 1212 2733 Quo

97 2758 184 2821 hoto
197 2746 384 2821 substantiae
398 2756 579 2819 materiales
595 2778 679 2839 nunc
693 2758 814 2818 mixtae
828 2776 972 2843 quaeque
986 2758 1227 2846 proprietatem,

99 2859 189 2923 iuam
200 2856 366 2943 recipient.
418 2854 492 2935 Qua
511 2853 552 2918 de
573 2875 608 2917 ro
624 2854 686 2918 Str.
700 2855 760 2936 ΙΙΙ,
778 2870 807 2929 o,
825 2864 904 2922 5402
932 2857 963 2918 Γ
960 2852 1067 2923 ένεσιν
1088 2855 1144 2934 δέ,
1166 2856 1213 2921 ait

99 2961 223 3034 notter,
256 2958 313 3023 κατ’
331 2953 486 3043 φθορὰν,
518 2951 579 3042 τὴν
597 2951 632 3020 έν
650 2950 757 3020 κτίσει
779 2952 1038 3042 προηγουμένως
1055 2952 1213 3042 γίνεσθαι

100 3050 242 3143 ἀνάγκη,
275 3052 376 3143 μέχρι
395 3052 582 3132 παντελοῦς
607 3053 806 3141 διακρίσεως
830 3058 887 3122 καὶ
907 3048 1213 3134 ἀποκαταστάσεως

100 3154 255 3244 έυλογῆς,
283 3150 330 3222 dc’
352 3147 392 3244 ἢν
413 3155 470 3220 καὶ
487 3149 523 3219 oi
540 3153 588 3240 τῷ
610 3147 725 3240 κόσμῳ
748 3152 1026 3243 συμπεφυρμένον
1043 3148 1213 3249 οῧσέαιτῇ

101 3253 286 3343 οἰκειότητι
301 3251 543 3344 προςνέμονται
556 3257 611 3334 (cfi
625 3254 749 3320 Neand.
763 3259 786 3318 l.
803 3258 823 3319 l.
838 3281 870 3344 p.
889 3262 956 3337 79)‹
1099 3260 1101 3267 ’

182 3359 334 3425 Jsmvero
347 3359 576 3438 (chiliastarum
592 3357 678 3419 enirn
693 3358 896 3441 opinionibus
910 3360 1059 3424 Clemens
1077 3378 1143 3423 non
1155 3359 1222 3421 fa·-

100 3473 171 3540 vet,
200 3463 241 3525 et
259 3460 320 3525 Str.
333 3458 409 3537 VH,
426 3472 475 3538 tt,
490 3470 569 3524 876:
599 3456 763 3521 Gnosticus
782 3458 848 3521 τῶν
867 3459 1049 3541 κοσμικῶν,
1078 3453 1138 3523 καί
1156 3477 1214 3522 τοτ

101 3556 208 3629 θείων
221 3549 340 3636 ὄντων,
367 3553 574 3645 ἐπαγγελιῶν
593 3553 978 3647 κατεμεγαλοφρόνηυεν,
1009 3581 1091 3647 quae
1112 3560 1213 3622 verbe

101 3664 231 3729 iomffe
250 3664 328 3725 illuc
347 3664 503 3748 spectant)
528 3663 768 3725 resurrectio
790 3663 913 3724 animos
933 3680 1006 3729 curn
1026 3660 1213 3746 corporibus

98 3762 221 3831 iterum
240 3766 426 3843 conjunget,
456 3763 640 3848 corporibus
656 3773 784 3842 autern,
810 3761 843 3825 id
859 3762 944 3850 quod
956 3760 1120 3825 contendit
1132 3757 1214 3823 Cle-

49 3882 52 3893 '
101 3887 213 3946 mens,
233 3875 271 3927 ut
282 3882 388 3949 neque
400 3864 569 3948 scripturae
580 3864 622 3942 λ,
642 3883 748 3949 neque
761 3859 1108 3927 adversareturl‘iatoni
1122 3870 1212 3922 tet·-

100 3968 231 4032 seitre
252 3986 366 4051 corpus
380 3963 621 4041 condernnanti,
651 3966 847 4030 coelestibus.
897 3964 1093 4027 Habebimus
1108 3978 1212 4040 „cer-

99 4088 213 4157 nstris,¹
229 4079 362 4152 atquae
380 4084 438 4150 per
454 4065 589 4144 iguem”
604 4066 640 4145 (i.
655 4087 683 4129 ε.
698 4064 883 4131 incendium
902 4060 1030 4141 muudi)
1044 4062 1211 4142 „retmgu

100 4162 231 4258 (σάρκα
244 4158 289 4245 ὡς
305 4159 522 4251 ἀνισταμένην
533 4165 637 4252 δῆθεν
652 4162 710 4232 διὰ
722 4160 859 4255 πορὸςγ,
881 4158 1153 4253 quemadmodum
1168 4178 1212 4228 ex

99 4269 309 4359 sumptione
327 4280 363 4335 et
373 4268 499 4337 -istions
519 4270 718 4335 merentum
730 4270 888 4349 resurgi&
905 4266 1016 4350 (tat.
1033 4266 1061 4352 1,
1075 4278 1106 4353 6,
1123 4264 1211 4347 126)-

763 4367 835 4441 ιτ
