2572 4770
110 138 215 285 Ι189
462 196 553 292 cap.
573 198 646 272 ΙΙΙ.
695 196 928 293 Dogmatica.

135 408 172 476 p.
183 396 255 453 907.
296 379 551 469 ”Neque'tamen
564 377 754 450 decedentes
766 380 842 447 hinc
851 379 948 446 saneti
963 379 1117 447 coritiana
1127 380 1241 465 integre

136 486 328 555 meritorum
358 486 487 547 suorum
514 485 657 567 praemia
688 486 940 575 consequuntur3
979 481 1035 547 ied
1067 485 1241 571 exspectent

136 589 238 653 etium
255 607 331 666 noa,
357 580 432 647 iicet
450 595 629 664 morantes,
650 585 728 649 licet
737 582 871 650 defidee.
887 630 896 648 .
938 584 1010 647 Hoc
1026 585 1157 649 sonasse
1169 585 1240 648 miti

136 689 258 759 dicenti
275 708 340 751 non
354 682 474 749 credas.
517 681 599 765 Quis
614 686 702 749 euim
718 706 778 766 ego
790 686 878 765 sum,
900 685 957 772 qui
969 687 1159 749 confirmare
1172 689 1239 749 sen-

134 789 272 867 tentiam
285 786 366 852 tanti
380 782 537 867 dogmatis
557 782 713 866 audearn3
734 781 790 849 sed
803 787 907 849 habeo
925 787 1185 866 hammonem,
1204 785 1239 849 de

135 911 202 979 quo
217 910 283 953 non
296 900 389 976 potue
402 884 557 952 dubitare.
574 934 583 952 .
624 888 722 957 Hebr‚
735 886 797 967 XI,
813 897 862 957 89.
878 932 887 950 .
929 885 1067 973 Propter
1079 889 1161 953 haee
1172 909 1238 969 erge

133 992 236 1067 etiem
257 987 443 1075 mysterium
459 984 541 1049 illud
556 988 591 1051 in
609 990 758 1051 ultimam
775 986 861 1055 diem
881 986 970 1052 dilati
983 987 1094 1070 judicii
1106 989 1239 1054 custodi-

133 1103 219 1172 tur„
241 1092 345 1176 (hom.
362 1086 438 1169 VH,
459 1101 479 1161 2
500 1087 536 1153 iu
555 1087 663 1155 Levis.
686 1090 753 1157 rol.
772 1088 816 1171 11,
835 1093 922 1175 222).
977 1088 1086 1153 Sancti
1105 1093 1171 1171 jam
1187 1092 1236 1153 illc

134 1202 283 1278 tempure
305 1189 389 1274 ”pro
412 1190 572 1252 erroribus
595 1190 708 1273 uostris
730 1188 840 1255 dolent
862 1201 897 1253 et
915 1192 1026 1270 lugent
1044 1193 1151 1257 nostra
1167 1212 1238 1281 pee-

134 1305 232 1374 cata„
256 1293 349 1375 (iu),
376 1290 578 1378 ipsorumque
596 1292 723 1355 animae
738 1312 802 1355 una
817 1312 890 1355 cum
904 1292 964 1353 rite
977 1293 1144 1357 urentibus
1156 1303 1238 1355 orant

132 1392 194 1479 (de
207 1405 287 1462 oret.
297 1405 347 1461 11.
359 1391 425 1454 vol.
435 1389 461 1470 13
470 1401 531 1457 213
545 1390 625 1479 ἲς.)
651 1392 792 1480 ”Neque
806 1413 918 1455 omnee
929 1392 1043 1472 sancti,
1064 1393 1122 1481 qui
1135 1391 1238 1457 dehac

132 1494 201 1558 uite
220 1491 432 1570 decesserunt,
458 1492 615 1555 habentes
636 1490 741 1559 adhuc
758 1495 922 1559 caritatem
940 1513 1016 1574 erga
1035 1514 1111 1569 eor,
1139 1495 1194 1581 qui
1207 1495 1238 1557 in

131 1596 194 1661 hcc
216 1590 340 1663 mundo
360 1592 449 1670 sunt,
482 1592 509 1654 si
532 1589 675 1659 dicentur
698 1616 807 1659 curem
824 1584 934 1676 gerere
952 1595 1062 1659 selutie
1082 1615 1194 1658 eorum
1209 1605 1239 1657 et

131 1698 245 1779 juvare
259 1713 316 1756 eor
329 1693 475 1784 precibus
487 1692 551 1761 suis
563 1704 658 1785 etque
669 1695 852 1787 iaterveutu
867 1698 923 1759 suo
934 1692 1019 1781 apud
1035 1693 1165 1774 Deum,
1184 1695 1238 1758 erit

130 1795 393 1873 inconveniens„
415 1794 464 1875 (in
479 1792 569 1865 Cant
584 1796 675 1865 Ceut.
694 1796 823 1863 liunt
845 1798 911 1861 vol.
925 1796 984 1877 111,
1001 1799 1068 1880 76).
1122 1794 1238 1861 Omuue

129 1909 241 1965 eutem
260 1896 457 1987 patriarchae
480 1908 514 1965 et
535 1896 712 1987 prophetae
731 1897 851 1964 mortui
869 1907 1030 1961 venerunt
1048 1894 1093 1959 ad
1109 1896 1236 1973 msema,

129 2000 350 2085 exspectantes
375 1995 552 2067 adveutum
578 1996 708 2078 christi,
747 1996 838 2063 ducie
863 1996 905 2062 ed
934 1996 1128 2085 paradisum.
1177 1996 1236 2061 Nus

128 2119 228 2179 reru,
253 2099 347 2188 iipie
358 2100 553 2179 vixerimus,
577 2099 683 2167 statim
703 2098 806 2186 (qued
822 2101 908 2163 enim
922 2097 963 2165 de
981 2099 1048 2180 igni
1061 2098 1234 2184 purgatorio

128 2212 206 2281 pute
227 2201 310 2265 hauc
330 2198 467 2288 peradisi
484 2194 701 2263 conditionem
719 2199 913 2292 perferendo
933 2200 1090 2265 versionis
1108 2199 1234 2285 Latium

127 2302 252 2385 aliquot
262 2297 342 2361 lucia
353 2302 513 2389 suspectae
524 2296 601 2365 fidei
614 2302 795 2383 iuvenitur,
803 2286 900 2365 caret
910 2301 1111 2380 integrorum
1123 2301 1234 2381 Orige-

128 2403 182 2473 μὴ
199 2421 333 2490 operum
352 2400 555 2482 auctoritate)
574 2398 616 2461 ad
629 2399 810 2487 paradisum
824 2402 1031 2489 pervenimus
1046 2404 1105 2482 (cs.
1119 2404 1184 2481 rol.
1197 2400 1234 2467 lt

124 2502 218 2591 suom.
232 2499 360 2565 XXVI.
372 2500 409 2567 in
419 2500 517 2563 Num.
531 2522 563 2585 p.
576 2513 656 2583 3723
676 2503 816 2569 homil.
829 2505 865 2573 iu
882 2516 896 2568 t
910 2500 991 2583 Reg.
1014 2524 1046 2591 p.
1060 2510 1236 2585 see-983

125 2603 255 2671 Seleetu
269 2602 305 2665 in
318 2600 433 2666 I'suhn.
454 2621 487 2692 p.
503 2605 592 2685 587).
638 2602 749 2666 ”Puto
763 2615 890 2682 autem,
910 2602 999 2688 quod
1012 2608 1112 2677 sancti
1124 2608 1236 2694 quique

123 2701 328 2771 discedentes
348 2699 388 2766 de
407 2702 467 2767 hac
488 2701 554 2765 vita
572 2706 806 2789 permanebunt
826 2704 861 2768 iu
881 2703 950 2766 locu
973 2705 1084 2796 aliquo
1101 2708 1138 2771 in
1160 2722 1237 2772 terra

122 2807 246 2897 posito,
273 2824 371 2895 quem
385 2800 566 2893 paradisum
583 2801 659 2891 dicit
671 2805 824 2897 scriptura
839 2802 965 2881 diviua,
992 2807 1086 2869 velut
1103 2808 1143 2873 irr
1156 2832 1235 2901 que-

123 2903 203 2971 dam
216 2903 407 2971 eruditionis
417 2905 505 2988 lo'co,
527 2915 578 2986 et,
601 2917 639 2969 ut
653 2906 699 2970 ita
715 2905 871 2987 dixerim,
896 2904 1058 2973 auditorio
1071 2910 1127 2973 vel
1137 2912 1235 2975 schola

120 3006 323 3087 animarum,
356 3006 393 3069 in
418 3027 483 3097 qua
502 3004 545 3069 de
558 3008 709 3071 omnibus
726 3009 796 3089 hia,
821 3027 905 3094 quae
924 3008 959 3071 in
974 3009 1070 3073 terrie
1081 3008 1234 3089 viderant,

117 3104 315 3187 doceantur,
341 3105 459 3171 iudicia
481 3127 611 3198 quoque
629 3106 787 3195 quaedum
807 3109 963 3194 accipiant
982 3111 1083 3173 etiem
1100 3108 1143 3175 de
1158 3134 1235 3177 cuu-

119 3210 327 3297 sequeutibue
348 3216 384 3277 'et
399 3208 532 3289 suturis,
562 3209 641 3272 ficut
657 3210 694 3277 iu
712 3210 773 3277 hec
786 3214 914 3301 quoque
929 3211 996 3273 vita
1011 3212 1107 3301 positi
1120 3211 1234 3279 indici·

119 3308 283 3399 quaedam
294 3311 496 3392 futurorum,
516 3309 593 3373 licet
607 3330 665 3403 per
678 3312 842 3399 speculum
856 3323 889 3377 et
900 3313 1100 3393 aenigmata,
1129 3326 1233 3381 tamen

118 3434 169 3479 ex
180 3415 288 3507 eliqua
300 3424 392 3504 parte
404 3421 630 3505 conceperant,
651 3431 734 3504 quae
751 3412 949 3481 manifestius
962 3425 996 3479 et
1009 3414 1152 3483 lucidius
1164 3421 1234 3485 sen-

114 3518 183 3581 etie
203 3515 320 3584 insuia
339 3523 373 3576 et
391 3512 471 3591 lucie
491 3523 526 3575 et
545 3512 743 3604 temporibus
764 3515 958 3578 revelantur.
1006 3514 1044 3579 Si
1067 3519 1142 3604 quie
1164 3521 1233 3582 saue

117 3616 265 3688 mundue
289 3611 385 3679 corde
413 3625 447 3676 et
471 3611 582 3706 purior
601 3623 711 3679 mente
737 3625 771 3679 et
794 3615 997 3681 exercitatior
1014 3619 1105 3682 sensu
1128 3621 1231 3699 suerit,

118 3720 267 3787 vdociue
284 3714 453 3809 proficiens
473 3714 536 3778 cito
554 3711 597 3777 ad
616 3714 700 3779 adria
716 3716 824 3782 lucum
844 3715 991 3781 asceddet
1012 3730 1046 3783 et
1065 3719 1108 3785 ed
1124 3726 1231 3788 coelo-
1278 3748 1280 3769 ¹

114 3841 196 3887 rum
210 3838 307 3903 regna
320 3814 486 3905 perveniet
498 3835 558 3907 per
573 3819 716 3883 locorum
733 3818 946 3901 singulorum,
974 3831 1012 3883 ut
1025 3820 1073 3885 ita
1086 3820 1227 3900 dixerim,
1278 3884 1280 3891 .

116 3922 319 4000 mansionen,
341 3939 420 4007 quaa
433 3914 545 3982 Graeci
559 3916 691 4007 quidem
701 3919 867 4007 sphaeras,
887 3918 923 3983 id
935 3922 981 3984 est
994 3923 1107 4000 globus
1119 3925 1227 4013 appes-
1277 3910 1280 3995 i

120 4010 286 4102 taveruntss
308 4022 456 4107 scriptura
465 4040 544 4083 vero
559 4019 669 4085 divina
682 4022 789 4085 coeloe
801 4021 966 4100 nominat,
989 4022 1024 4084 in
1038 4026 1157 4110 quibua
1166 4028 1224 4089 sr-

113 4123 208 4211 ,uir
223 4123 329 4214 primo
343 4122 474 4215 quidem
487 4122 654 4216 perspiciet
666 4144 724 4212 ee,
747 4123 1076 4213 praemiarentur,
1095 4122 1222 4197 secundo
