2572 4770
548 232 714 304 Clemens.
854 252 863 271 ·
1134 234 1185 323 βό

60 416 133 480 inc
146 411 273 479 modo:
293 412 394 495 Virgo
409 427 518 479 autem
531 428 599 479 erat
614 418 739 501 pulcra,
763 414 814 476 vir
822 436 893 478 non
909 411 1058 493 cognovit
1069 413 1178 502 ipim.

67 514 214 580 Rebecca
236 526 343 577 autem
365 519 535 602 exponitur
553 517 617 580 Dei
635 518 735 598 gloria
749 514 816 597 (?).
866 514 930 578 Dei
950 524 1057 577 autem
1079 516 1179 596 gloria

67 618 118 679 cll
130 616 333 702 incorruptio.
381 618 470 679 Haec
483 623 528 679 ell
543 641 617 680 vera
633 619 768 697 justitia,
791 618 877 677 nolle
895 616 940 677 rei
959 617 1088 679 alterius
1105 618 1180 704 plue

45 726 49 735 '
70 736 171 801 quarn
189 738 245 815 par
269 718 307 779 fir
327 718 463 796 habere,
490 718 543 780 led
560 730 664 785 toturn
678 719 741 780 elle
754 718 912 801 ternplum
926 713 1049 778 domini
1060 717 1180 779 lancti-

65 816 209 880 -fleaurnr
254 816 379 882 luititia
401 840 476 899 ergo
493 824 539 881 elt
556 820 642 880 vitae
654 840 719 903 pax
732 819 926 880 et‘ltabilitas
943 836 978 878 ac
991 816 1180 902 tranquilli·-

69 928 135 995 ω,
153 915 193 979 ad
207 908 304 1003 qiiam
317 919 465 984 dontinus
480 922 635 1000 ablegavit
648 912 756 981 dicens
776 918 887 997 (Marc.
899 919 943 998 V,
959 923 1029 995 34),
1054 916 1121 980 Abi
1140 918 1178 1005 in

63 1036 197 1102 pacem·
234 1019 343 1083 Salem
356 1024 443 1085 enim
456 1043 520 1107 pax
534 1020 749 1106 exponitur‚”
770 1031 803 1082 et
816 1042 867 1105 qu.
882 1021 925 1105 sq.
968 1018 1089 1080 Ultimo
1103 1018 1175 1081 locu

61 1117 249 1184 inducimus
260 1123 470 1185 clarillinrum
495 1123 696 1206 exemplum,
728 1108 815 1206 quod
830 1122 895 1205 iple
908 1119 1058 1183 Clemens
1076 1115 1117 1179 ad
1130 1118 1177 1181 il-

56 1220 261 1283 tuamndam
301 1225 513 1304 gnosticorum
550 1220 780 1307 interpretandi
819 1222 976 1284 rationem
1012 1218 1178 1305 proposuit

63 1314 265 1400 Strom.V1‚
287 1336 335 1402 16,
358 1337 418 1390 807
430 1325 494 1410 sqq.
548 1322 798 1402 ‚,Decalogua,'’
825 1323 944 1408 inquil,
972 1318 1175 1402 „secundum

63 1422 238 1493 coelestem
258 1423 432 1503 imaginem
452 1422 592 1485 continet
609 1425 709 1485 lolem
727 1436 761 1488 et
778 1426 907 1503 lunam,
935 1423 1032 1502 altra,
1059 1420 1174 1499 nubea,

61 1522 187 1600 lucem,
208 1514 369 1608 spiritum,
397 1544 530 1610 aquam,
555 1514 876 1604 aiire'm‚'tenebras‚
904 1525 1030 1604 ignem3
1056 1520 1110 1583 hic
1127 1516 1174 1583 cit

61 1623 218 1686 naturalia
234 1621 403 1704 decalogus
417 1626 508 1689 coeli.
558 1625 679 1697 Terrae
698 1637 807 1687 autem
828 1627 933 1705 imago
951 1626 1093 1689 continet
1105 1624 1173 1713 lto·

61 1722 185 1801 mines,
217 1744 347 1809 pecora,
380 1726 523 1810 reptilia,
556 1726 671 1788 bestias
691 1738 724 1787 et
746 1748 790 1788 ex
809 1727 1000 1812 aquatilibus
1019 1712 1174 1811 pilcecdt

60 1836 150 1901 cete,
183 1844 204 1886 e
229 1826 410 1888 volucribus
437 1828 617 1889 carnivorae
641 1839 674 1889 et
696 1837 823 1889 utentes
846 1828 999 1889 alimento
1026 1838 1173 1890 eterra·

60 1922 234 2003 fiuctr‘l'tus,
254 1948 297 1988 ex
309 1928 426 2012 plantis
440 1922 577 2011 denique
589 1927 711 1988 fertiles
723 1939 755 1989 et
765 1930 896 1991 steriles.
939 1928 1000 1990 Hic
1011 1928 1057 1988 est
1068 1939 1173 1991 terrae
1185 1986 1190 1993 .

58 2023 232 2106 decalogus
245 2028 408 2089 naturalis.
416 2027 436 2059 '²
475 2027 577 2089 lllulta
591 2028 653 2087 alia
667 2041 912 2107 commemorat,
931 2029 965 2090 in
979 2027 1094 2113 quibus
1107 2025 1172 2091 de*

60 2128 122 2189 nae
148 2144 201 2189 res
221 2124 364 2190 diversae
387 2127 517 2207 cogitari
537 2129 670 2212 possint,
698 2149 834 2213 quarum
855 2128 1035 2209 symbolum
1056 2128 1095 2189 fit
1108 2124 1171 2190 de-¹

27 2230 30 2235 '
56 2228 200 2307 calogus.
249 2226 352 2290 Addit
363 2252 395 2315 p.
416 2240 493 2307 815,
523 2226 672 2317 decalogo
691 2251 749 2315 per
764 2230 889 2291 literam
908 2220 993 2292 ἶώτα
1003 2228 1173 2310 fignificari

57 2349 180 2389 nomen
206 2329 354 2405 beatum,
385 2327 504 2391 delum.
559 2330 706 2415 Explicat
736 2328 886 2416 deinceps
909 2352 942 2415 p.
963 2342 1023 2394 816
1047 2329 1170 2410 lingula

57 2442 244 2515 praecepta,
274 2440 307 2490 et
326 2428 360 2488 iu
378 2449 571 2514 unoquoque
589 2450 701 2491 eorum
719 2433 842 2516 quaerit
860 2431 1016 2512 mysteria.
1057 2429 1171 2493 Veluti

57 2533 207 2618 quintum
223 2527 330 2613 (nolis
338 2533 501 2613 quartum)
513 2545 717 2618 praeceptum
726 2531 766 2596 do
775 2534 897 2595 honore
907 2531 988 2617 patri
999 2536 1046 2612 (et
1058 2526 1169 2615 matri)

57 2630 244 2694 exhibendo
264 2632 398 2714 exponit
416 2630 457 2693 de
473 2632 545 2696 Deo
566 2635 677 2715 Patre,
704 2638 791 2714 cnjus
812 2633 947 2695 cultores
968 2633 1169 2718 appellentur

56 2733 116 2794 lilii
130 2743 163 2793 et
176 2729 232 2794 dii.
266 2727 396 2808 „Mater
409 2736 529 2812 ver0‚’'
545 2738 664 2822 pergit,
681 2758 772 2815 „non
788 2737 843 2810 eit,
858 2745 896 2794 ut
907 2731 1038 2818 quidam
1055 2732 1169 2813 exilii-7

55 2843 162 2911 mant,
175 2831 359 2908 substantia,
372 2851 414 2893 ex
429 2850 489 2917 qua
506 2836 573 2896 nati
585 2839 709 2915 lomus,
724 2830 792 2914 nec,
810 2847 843 2896 ut
856 2835 910 2897 alii
923 2846 1048 2919 putant,
1060 2834 1169 2899 ecclc-
1257 2872 1260 2879 ·

56 2935 116 3012 lla,
138 2928 193 2994 led
207 2928 316 2993 divina
329 2933 465 3013 cognitio
480 2933 628 3015 (γνῶσις)
643 2950 675 2999 et
689 2938 855 3023 sapientia,
882 2946 920 2996 ut
937 2933 1013 2996 dicit
1026 2933 1167 3019 salomo,

53 3035 209 3114 juliorum
222 3044 359 3098 matrem
372 3038 536 3122 appellans
553 3039 748 3122 sapientiam.
766 3086 797 3102 ..
840 3033 1050 3099 Adulterium
1064 3036 1167 3117 eran
1267 3098 1270 3107 ,

53 3138 129 3225 quis
147 3137 256 3198 relicta
276 3139 478 3200 ecclelial'tica
496 3150 528 3200 et
551 3159 627 3199 vera
647 3139 826 3218 cognitione
841 3149 873 3198 et
890 3134 930 3197 de
948 3135 1019 3199 Deo
1032 3139 1167 3222 perlua-

53 3238 143 3301 Iione
155 3235 282 3315 accedat
293 3237 334 3300 ad
346 3240 474 3316 fallam,
495 3261 561 3301 non
575 3261 746 3320 congruam
767 3239 968 3324 opinionem,
990 3238 1044 3299 vel
1058 3238 1167 3303 Deuttl

52 3339 176 3413 taciens
190 3337 395 3418 (θεοποιῶν)
408 3337 528 3423 aliquid
544 3340 648 3417 exiis,
665 3361 746 3425 quae
760 3342 831 3401 lunt
840 3340 954 3419 genita.
971 3388 979 3401 .
995 3387 1003 3403 .
1032 3341 1067 3402 A
1080 3361 1167 3421 gno·-

52 3440 130 3501 llico
141 3449 251 3501 autern
265 3441 369 3503 aliena
383 3440 429 3500 eft
444 3439 522 3499 falla
540 3440 666 3524 opinio,
693 3439 771 3502 licut
787 3460 871 3519 vera¹
885 3440 915 3502 ei
937 3441 982 3501 est
1000 3444 1167 3519 conjuncta

50 3553 86 3603 et
106 3540 285 3603 familiaris.
342 3538 498 3618 Quocirca
523 3539 703 3623 praeclarus
728 3559 856 3627 quoque
882 3540 1040 3626 apostolus
1066 3546 1166 3603 urant

50 3642 273 3705 fornicationis
302 3642 440 3726 lpeciem
464 3650 557 3700 vocat
577 3636 807 3718 idololatriam,
837 3642 1065 3701 convenienter
1084 3644 1166 3723 pro-'-

50 3744 170 3829 phetae
181 3743 240 3829 qui
255 3740 349 3804 dicit:
378 3741 566 3803 Moechatus
584 3742 629 3801 elt
642 3748 715 3803 crlm
728 3742 815 3821 ligno
830 3753 863 3805 et
876 3738 992 3826 lapide.
1036 3735 1166 3803 Deinde

50 3842 96 3906 de
112 3842 210 3907 caede
233 3843 432 3928 consequitur
448 3850 662 3927 praeceptum.
709 3841 762 3905 Elt
775 3854 883 3905 autem
898 3838 1011 3903 caedes
1023 3838 1115 3899 firma
1127 3856 1165 3901 ac

49 3947 196 4008 constans
214 3930 343 4006 ablatio.
393 3945 517 4005 Verani
532 3960 607 4021 ergo
628 3941 669 4002 de
684 3941 755 4006 Deo
770 3956 803 4006 et
817 3947 886 4023 ejus
900 3942 1086 4003 aeternitate
1099 3937 1165 4003 do-

47 4044 186 4109 ctrinam
201 4044 340 4130 quivult
356 4045 499 4122 anferre,
528 4045 565 4101 ul
582 4042 691 4104 fallam
705 4040 881 4107 doctrinam
892 4042 1023 4121 inierat,
1054 4038 1164 4108 dicem

48 4146 107 4211 rel
130 4144 317 4211 universum
334 4145 423 4207 nulla
440 4143 509 4227 regi
521 4142 740 4232 providentia,
767 4146 822 4209 rel
839 4136 998 4207 mundum
1016 4164 1083 4208 non
1101 4144 1165 4215 aa·
