2572 4770
110 271 184 357 ιιι
430 270 517 362 σιμ.
543 272 615 341 ιιι.
650 270 898 365 uomica,

192 444 311 511 Totum
327 445 441 514 chriti}
453 471 534 538 opus
546 449 691 514 describit
705 450 854 517 Clemens
862 450 942 516 cot.
958 466 988 531 1,
1002 462 1039 519 6:
1052 444 1221 537 'Offae

107 544 193 632 trude
207 540 431 614 ἀναπετάσαι
454 549 605 632 τυφλῶν,
639 547 696 614 ναὶ
722 541 791 614 ὦτα
823 542 953 628 ἀνοῖξαι
980 549 1105 637 κωφῶν
1112 596 1134 627 ,,
1159 549 1221 631 καὶ

108 641 289 727 στάζοντος
305 646 353 712 ιο)
372 644 475 723 πόδε,
504 641 526 736 ἢ
544 647 779 731 πλανωμένους
795 647 846 727 εἷς
868 644 1082 737 δικαιοσύνην
1096 672 1220 733 χειρα-

107 747 275 836 γωγῆσαι·
307 745 394 814 Θεὸν
414 743 611 835 ἀνθρώποις
633 743 856 835 ἀφραίνουσιν
874 747 1039 828 ἐπιδεῖξαι
1045 795 1054 825 ,
1084 750 1221 815 παῦσαι

109 845 263 936 φθορὰν,
285 849 420 936 νικῆσαι
432 843 595 914 θάνατον·
624 843 717 927 cinric
731 844 888 928 ἀπειθεῖς
903 845 1080 927 διαλλάξαι
1098 846 1218 936 πατρί.

83 940 87 953 ’
107 950 252 1018 Omnino
270 952 367 1033 igitur
384 953 481 1014 etiem
503 952 668 1016 Clemente
692 951 799 1032 judice
823 953 1112 1016 reconciliavit
1132 952 1219 1017 Deo

108 1051 291 1117 Christus
324 1052 516 1114 homines.
580 1050 678 1130 Quod
704 1067 869 1139 praeterea
902 1053 1079 1116 declaretur
1107 1053 1220 1117 nomi·-

107 1153 220 1232 nibue,
257 1156 372 1242 quibus
393 1152 477 1238 apud
497 1153 697 1218 Clementem
722 1153 862 1218 Christus
885 1167 1016 1216 vocetur
1041 1143 1221 1239 ὃμεσίτης

107 1254 220 1335 (Pned.
241 1255 301 1334 III,
323 1270 351 1333 1,
364 1264 443 1321 251:
472 1248 627 1338 Μεσίτης
645 1247 709 1338 γὰρ
729 1247 749 1319 ὁ
768 1246 883 1338 λόγος,
914 1245 1062 1330 ὁκοινὸς
1079 1245 1218 1339 ἀμφοῖν,

106 1355 194 1422 θεοῦ
212 1356 274 1438 μὲν
290 1347 377 1431 υἱός,
408 1348 520 1438 σωτὴρ
546 1352 583 1416 dd
608 1345 829 1439 ἀνθρώπων),
864 1349 1081 1439 διαλλακτὴς,
1111 1345 1221 1418 ὃτα-

106 1451 254 1542 θόρσιος
265 1457 361 1538 (Coh.
378 1470 427 1534 1ο,
443 1460 515 1535 86),
539 1444 675 1538 ὁμέγας
688 1449 859 1541 ἀρχιερεὺς
870 1453 955 1518 θεοῦ
970 1456 1026 1533 (ib.
1049 1468 1098 1533 12,
1114 1461 1171 1536 93)
1188 1467 1221 1519 et

29 1622 32 1627 .
107 1543 337 1642 ὅλονάρπιομα
350 1547 438 1643 ὑπὲρ
452 1547 543 1645 ἡμῶν
555 1542 685 1643 ἔπορον
695 1555 790 1637 θῦμα
805 1556 881 1637 (Str.
896 1556 938 1636 V,
954 1571 1003 1636 11,
1019 1560 1114 1639 688),
1136 1557 1222 1619 iilu-

177 1773 319 1841 :postolos
333 1771 399 1827 fieri
411 1773 561 1838 dominun,
587 1772 687 1826 fidele·
698 1784 780 1826 retur
793 1772 867 1840 esse,
892 1771 1014 1826 mittem
1027 1772 1059 1825 in
1074 1771 1220 1828 mundum

176 1857 215 1911 ed
226 1861 462 1914 annunciandum
478 1860 660 1930 evangelium
674 1859 841 1912 hominihus
857 1858 908 1929 qui
925 1858 1032 1911 suntin
1045 1859 1114 1911 orbe
1126 1868 1221 1914 terre·

175 1961 260 2014 rum,
290 1958 323 1999 ut
347 1950 525 2017 cognoscent
545 1965 635 2000 unum
656 1948 713 2003 esse
734 1949 844 2013 Deum,
873 1961 977 2013 per..
1000 1945 1106 1998 clnnti
1127 1945 1220 2001 fidem

15 2076 18 2081 .
118 2078 121 2087 .
175 2031 277 2087 future
288 2032 501 2105 fignificenter,
520 2044 553 2087 ut
565 2035 616 2105 qui
628 2034 774 2088 audierint
788 2041 817 2084 et
830 2030 1025 2097 crediderint,
1044 2033 1116 2086 inivi
1132 2031 1218 2087 fient.

126 2106 129 2111 ¹
177 2118 237 2191 Qui
259 2128 357 2174 eutem
375 2137 433 2172 non
453 2121 647 2186 crediderint,
678 2136 744 2172 cum
764 2119 953 2185 audiverint,
974 2117 1073 2169 ierant
1091 2119 1221 2171 testimo·

49 2212 55 2227 ⁴
128 2238 139 2259 t.
174 2205 279 2272 nium,
308 2216 341 2258 ut
354 2207 404 2276 qui
417 2224 476 2260 non
488 2208 591 2276 poss'rnt
603 2206 632 2259 ie
646 2206 781 2258 excusare
797 2203 936 2269 dicendo,
960 2204 1026 2255 Nou
1040 2203 1218 2259 audivimus.

177 2290 256 2360 Quid
271 2289 361 2361 ergo?
387 2293 490 2344 Nonne
511 2293 599 2344 etiem
619 2290 695 2359 apud
714 2288 824 2341 inseror
846 2289 903 2340 fuit
924 2289 1026 2342 eedem
1046 2290 1222 2344 oeconomia

177 2391 213 2428 ec
228 2375 418 2445 dispensatio,
443 2388 476 2430 nt
494 2377 556 2429 illic
575 2382 690 2444 qunque
709 2391 808 2427 cmncr
823 2375 940 2426 animae
952 2373 1051 2428 ruditu
1066 2377 1223 2446 praedicn-

175 2460 257 2514 tione
272 2471 323 2515 eut
336 2462 485 2515 ostendent
500 2461 725 2530 poenitentium,
750 2470 801 2512 rut
816 2469 970 2530 propterea
984 2460 1063 2530 quod
1079 2479 1139 2517 non
1153 2481 1224 2516 cre-

174 2547 333 2616 diderunt,
356 2547 460 2613 iustum
477 2549 626 2601 fateantur
645 2549 702 2601 effe
722 2545 915 2617 supplicium?
947 2547 1026 2599 Esset
1045 2557 1144 2602 nutem
1159 2566 1223 2602 non

176 2632 251 2686 levir
271 2632 451 2705 iniquitatis,
484 2652 534 2688 eor
556 2635 607 2703 qui
628 2644 698 2688 ente
719 2636 877 2687 adventum
899 2631 1010 2686 domini
1030 2635 1222 2704 exceififfent,

129 2784 133 2791 Ι
178 2733 245 2773 cum
266 2737 321 2772 nec
343 2721 384 2775 eir
405 2721 502 2774 iniffet
517 2720 726 2777 annunciatum
740 2717 937 2787 evangelium,
962 2721 1060 2772 necin
1074 2723 1221 2775 credendo

177 2806 224 2858 rel
245 2823 303 2861 uon
322 2806 466 2861 credendo
487 2807 546 2859 ulle
568 2808 661 2874 puiset
686 2807 717 2861 in
742 2822 791 2859 eor
816 2804 902 2873 culpe
927 2805 1073 2875 conferri,
1107 2807 1154 2861 vel
1176 2809 1222 2862 ie·

177 2890 270 2946 lutem
289 2892 415 2963 essequi,
452 2892 497 2945 vel
522 2892 631 2962 puniri.
673 2895 776 2964 Neque
798 2891 877 2943 enim
899 2891 943 2944 iar
960 2894 999 2945 eii
1015 2892 1081 2945 illoc
1106 2892 1224 2948 indicte

179 2979 266 3030 ceusu
285 2978 368 3031 iuiiie
387 2979 613 3047 condemnator,
646 2979 710 3032 solie
732 2990 832 3032 entem
857 2978 915 3046 eir,
947 2980 998 3049 qui
1019 2980 1140 3032 fuerunt
1158 2982 1224 3051 post

175 3063 240 3128 ejur
255 3064 427 3132 adventum,
440 3065 498 3129 frui
514 3065 613 3119 divine
625 3065 737 3119 licuiffe
752 3063 897 3132 iustitie.”
932 3066 1030 3119 Etiam
1051 3066 1223 3134 gentile·

176 3145 282 3217 igitur,
300 3159 335 3203 ut
350 3149 380 3204 id
394 3150 423 3203 h.
437 3151 456 3204 1.
472 3152 682 3220 anticipemus,
700 3151 782 3206 beati
798 3151 871 3203 fiunt
884 3154 997 3205 necesse
1012 3153 1051 3205 eii
1066 3170 1119 3222 per
1134 3152 1222 3207 Chri·

99 3290 104 3297 ,
132 3268 135 3273 -
178 3234 271 3302 lium,
288 3254 345 3308 que
360 3236 395 3290 de
409 3253 441 3290 re
457 3238 512 3299 Str.
529 3241 563 3303 V,
579 3236 621 3302 tt,
637 3238 702 3291 698:
730 3242 785 3292 Δεῖ
796 3242 907 3306 τοίνυν,
933 3241 975 3292 nit
996 3238 1148 3303 Clemenr,
1173 3235 1223 3293 διὰ

178 3324 305 3394 Χριστοῦ
319 3321 368 3392 τὴν
382 3319 516 3392 ἀλήθειαν
527 3317 726 3394 μεμαθηκότας
739 3319 891 3391 σώζεσθαι,
910 3321 965 3379 κᾶν
979 3322 1225 3396 φιλοσοφήσαντες

178 3404 230 3477 τήν
247 3405 390 3477 ἐλληνινήν
408 3411 582 3478 φιλοσοφίαν
595 3402 715 3477 τύχωσιν
736 3411 850 3474 (verum
871 3411 961 3462 etiem
979 3413 1042 3478 jem
1055 3424 1124 3464 ente
1138 3412 1225 3466 Chri·

179 3494 268 3564 unm,
283 3505 385 3546 netum
398 3512 435 3546 ne
452 3497 567 3563 prorius
582 3493 750 3547 idololatria
763 3492 1018 3565 demergerentur,
1040 3497 1150 3566 iolem,
1178 3499 1225 3552 lu·

179 3596 251 3635 rtem
268 3581 421 3649 stellaeque
436 3582 512 3632 Deur
533 3579 601 3649 iplir
618 3578 699 3632 dedit
712 3579 769 3634 Str.
786 3583 834 3648 vl,
849 3581 895 3648 14,
911 3581 986 3650 795).
1024 3584 1154 3638 Omm‘nc
1173 3603 1225 3639 eu·

180 3675 242 3720 tem
259 3666 338 3737 „qui
355 3666 390 3717 de
404 3660 479 3734 λόγῳ
492 3665 535 3718 nil
547 3682 674 3735 unquam
691 3664 818 3734 audivit,
845 3666 870 3718 ir
891 3679 1010 3739 propter
1025 3670 1225 3740 ignorantiam

180 3753 290 3807 errorir
302 3752 416 3805 veniam
431 3752 632 3823 consequitur3
658 3752 708 3822 qui
726 3770 794 3805 vero
814 3753 931 3807 nuribur
953 3759 1082 3826 accepit,
1105 3766 1136 3811 et
1151 3776 1226 3811 con·

179 3838 257 3892 fuito
276 3847 376 3891 temen
390 3836 570 3890 incredulam
588 3846 717 3890 mentem
731 3838 824 3907 gerit,
848 3857 904 3910 quc
918 3843 1066 3897 videbitur
1081 3845 1139 3897 effe
1152 3861 1226 3915 pru-

182 3925 316 3993 dentior,
336 3940 370 3976 eo
385 3924 476 3992 megin
491 3923 542 3992 ipli
556 3923 605 3974 irie
618 3923 747 3992 cognitio
761 3926 895 3994 nocebit,
914 3945 981 3983 cum
996 3931 1056 3998 ipse
1073 3948 1140 3983 eum
1155 3948 1225 4001 pru·

183 4009 284 4065 dentin
298 4009 489 4077 condemnet,
508 4008 584 4079 quod
599 4011 742 4080 optimum
759 4028 818 4064 non
830 4013 960 4083 elegerit.
996 4016 1045 4068 Est
1057 4017 1137 4071 enim
1151 4018 1226 4072 elic-

183 4097 235 4165 qm·
254 4114 272 4152 ε
289 4107 395 4150 nature
416 4095 527 4148 homini
542 4095 678 4168 inlitum,
698 4106 732 4153 ut
747 4098 776 4153 ei
788 4099 931 4171 quaedem
945 4100 981 4156 fit
998 4118 1065 4158 cum
1077 4104 1142 4160 Dec
1154 4119 1226 4160 eon·

182 4179 323 4249 iunetie”
338 4181 424 4259 (eon.
440 4184 484 4254 10,
496 4181 539 4238 79.
555 4181 615 4251 80).

68 4418 135 4492 'kt
