2572 4770
135 285 212 371 1151
461 291 550 385 cap.
571 290 644 373 Hs·
693 288 924 389 Dogmata'ea.
992 302 1003 325 ⁰

130 488 200 547 eto
212 472 254 540 de
270 477 341 538 sooo
353 471 475 539 sesaiae
489 471 569 539 Luc.
584 470 644 551 IV,
661 466 862 545 renudato:
887 469 1011 533 ’‘Juxta
1024 468 1244 557 simplicem„

134 577 257 664 inquit,
286 574 557 654 '’intelligentiam
579 575 669 652 ajunt
687 592 753 634 uno
772 592 857 633 anno
872 571 1063 633 salvatorem
1076 571 1113 633 in
1126 570 1243 637 Judeen

131 676 339 757 evangelium
357 674 589 763 praedicasse„
637 669 819 758 „Oportuit
838 669 1001 758 (quidem)
1019 704 1065 717 —
1085 693 1113 735 e.
1127 668 1244 752 Celsi,

135 789 189 845 66.
213 798 244 863 p.
268 786 325 843 881
341 813 402 858 -,
430 789 483 854 ut,
515 776 571 862 qui
591 774 733 836 humano
754 794 847 835 more
865 774 975 834 virere
994 772 1080 836 inter
1097 775 1243 863 immines

132 878 337 957 decreverat,
365 900 430 940 non
449 874 671 962 intempestive
687 875 720 936 ie
739 873 774 935 in
790 872 903 936 mortis
918 870 1089 936 discrimen
1106 877 1243 953 conjice-

111 1002 117 1011 ·
134 990 203 1062 ret3
224 991 333 1042 tamen
347 979 405 1060 (ib.
419 977 463 1058 II,
485 992 533 1044 to.
554 1000 585 1063 p.
601 978 678 1056 895)
694 975 801 1060 sinapi
815 975 954 1039 nolentis
968 977 1030 1055 est,
1057 996 1124 1055 non
1138 988 1242 1062 captus

51 1076 54 1081 ’
130 1080 184 1143 est
200 1079 309 1161 Jesus;
340 1100 416 1141 nam
440 1089 621 1165 opportuno
645 1087 791 1162 tempore
810 1076 846 1137 in
866 1078 1056 1162 potestatem
1074 1076 1242 1139 hominum

135 1181 247 1244 venire
262 1182 292 1243 se
307 1182 412 1266 pessus
426 1179 486 1259 est,
513 1188 550 1239 ut
571 1197 671 1257 agnus
684 1174 764 1255 Dei,
793 1196 857 1261 quo
874 1188 1038 1262 peccatum
1050 1176 1167 1239 mundi
1178 1179 1242 1241 tos·-

132 1282 235 1363 ieret,
262 1302 327 1344 non
345 1281 405 1360 (ib.
429 1282 454 1362 8.
478 1290 527 1345 11.
548 1300 580 1362 p.
598 1282 676 1357 set)
701 1299 775 1341 eum
797 1278 939 1356 sugeret,
968 1288 1079 1364 captus
1099 1278 1162 1357 est,
1193 1276 1242 1341 sed

134 1384 312 1445 nostrorum
342 1380 487 1442 omnium
515 1381 605 1440 cause
631 1379 746 1441 roseos
771 1378 804 1440 se
831 1375 998 1441 tradidit.”
1053 1376 1158 1463 Ipsius
1183 1398 1244 1439 au·

134 1493 203 1546 tem
226 1482 261 1543 in
281 1480 468 1543 verberibus
494 1478 743 1566 ignominiisque
763 1478 925 1542 silentium
944 1479 1074 1559 tnajoris
1097 1479 1243 1541 constan-

134 1581 200 1644 tine
231 1579 467 1666 patientiaeque
493 1581 572 1659 suit,
606 1600 704 1666 quam
731 1577 882 1666 quiequid
908 1578 1023 1644 Graeci
1053 1579 1243 1643 calamitati-

133 1680 196 1744 bus
214 1681 309 1767 pressi
327 1679 479 1743 dixerunt
505 1678 730 1761 (e.cett.v11‚
748 1690 799 1745 55.
821 1703 853 1766 p.
874 1685 959 1761 788).
1009 1679 1243 1767 Deniquepo-

132 1782 248 1845 letoio
262 1782 690 1847 erucemortuusestsesus.
738 1781 969 1861 „l'onemus‘’,
996 1782 1104 1868 inquit
1123 1782 1241 1847 neeis.
1281 1791 1283 1797 '

132 1881 179 1963 II,
196 1893 246 1948 56.
268 1904 299 1969 p.
315 1890 395 1963 480,
419 1881 554 1964 „desum
567 1885 733 1946 obscuram
749 1883 859 1946 obiisse
871 1894 1028 1959 mortem,
1048 1883 1092 1943 ire
1107 1895 1146 1946 ut
1160 1904 1243 1945 mors

133 1982 232 2070 ipsius
248 2006 313 2047 non
326 1986 425 2048 fuerit
436 1985 557 2073 populo
572 1983 631 2045 toti
648 1984 790 2064 cognita,
812 2005 888 2046 eum
902 1982 1019 2046 deinde
1031 1984 1241 2062 resurrexisse,

132 2085 241 2148 suisset
253 2082 293 2146 de
307 2106 346 2148 eo
362 2084 488 2149 dicendi
501 2088 607 2162 locus,
621 2082 707 2170 quod
719 2082 760 2146 de
774 2085 925 2147 heroibus
937 2085 1160 2170 suspicamur'’
1173 2091 1242 2165 (ro-

47 2184 50 2189 ’
132 2186 223 2272 spicit
235 2183 392 2265 Origenes
410 2184 451 2251 ad
471 2187 596 2250 sabulos
611 2184 651 2247 de
668 2207 780 2248 eorum
792 2183 937 2248 descensu
950 2182 992 2247 ed
1006 2178 1130 2250 inferos
1142 2200 1177 2249 et
1190 2209 1243 2250 re-

133 2284 202 2349 ditu
212 2287 317 2358 exiis,
339 2287 481 2373 „qnippe
495 2287 667 2373 quibus-
686 2288 707 2348 1.
720 2287 742 2349 s.
758 2320 802 2334 -
822 2286 895 2348 satis
906 2284 1003 2347 suerit
1018 2289 1125 2350 abesse
1135 2287 1243 2376 quod·

133 2382 209 2448 dem
230 2396 375 2470 tempus,
402 2387 503 2448 oensis
520 2387 690 2451 hominum
704 2388 767 2448 sese
781 2385 972 2465 subducere,
985 2399 1030 2450 et
1044 2390 1155 2475 postea
1166 2389 1243 2451 sein

129 2486 333 2571 conspectum
356 2482 450 2562 dare,
477 2496 514 2547 ut
531 2488 570 2547 ab
583 2487 697 2549 inseris
714 2485 848 2550 reduces
870 2489 1115 2569 haberentur’¹).
1157 2487 1242 2569 „Ad

129 2586 212 2648 elias
225 2585 322 2665 igitur
334 2586 439 2647 causas
453 2584 546 2666 (in),
568 2607 623 2648 cur
633 2583 724 2649 Jesus
742 2588 911 2652 crucifixus
925 2590 1040 2667 fuerit,
1067 2587 1146 2651 addi
1156 2596 1243 2653 'sorte

127 2686 235 2777 potest
249 2697 282 2749 et
297 2687 372 2764 ista,
393 2684 487 2747 illum
502 2685 608 2772 palam
625 2685 660 2746 in
672 2707 763 2750 cruce
776 2700 941 2751 mortuum
955 2691 1035 2769 esse,
1062 2702 1100 2753 ut
1116 2692 1241 2778 nequis

102 2822 106 2829 ·
131 2786 253 2851 diceret
279 2786 374 2849 issum
403 2788 568 2851 rosentem
592 2789 633 2850 ab
659 2788 759 2851 oculis
785 2788 956 2852 hominum
976 2792 1150 2871 recessisse,
1179 2813 1241 2855 non

129 2900 297 2953 mortuum
313 2908 442 2967 revera,
468 2885 523 2949 sed
542 2888 645 2951 visum
665 2891 729 2952 esse
743 2887 898 2953 duntaxat
910 2893 1010 2971 mori,
1030 2904 1064 2954 et
1081 2896 1240 2956 reversum

128 2976 256 3076 posteo,
278 2985 405 3073 quando
417 2987 537 3068 poluit,
563 2991 652 3071 suem
669 3010 688 3052 e
703 2991 836 3055 mortuis
850 2990 1027 3078 prodigiose
1042 2994 1170 3059 finxisse
1187 3016 1239 3059 re-

127 3088 365 3153 surrectionem.
373 3089 395 3123 ”
445 3088 536 3152 lianc
564 3103 673 3154 eutem
696 3106 834 3157 mortem
857 3094 951 3157 fuisse
977 3113 1107 3173 reram,
1136 3114 1237 3183 neque

128 3181 375 3275 φανταστικὴν,
397 3190 464 3268 jem
480 3189 625 3276 inpraef.
644 3190 685 3254 ad
698 3193 720 3256 l.
737 3191 777 3255 de
789 3195 907 3280 prino,
929 3195 976 3256 uti
987 3194 1147 3277 vidimus,
1163 3198 1237 3263 Ori-

129 3307 229 3371 genes
237 3306 280 3349 ex
287 3286 603 3373 praedicationeeccl.
611 3292 784 3374 contendit,
792 3294 943 3382 idemque
951 3298 1151 3362 confirmate.
1163 3297 1235 3364 cett.

127 3387 174 3469 11,
191 3399 240 3453 16.
262 3408 295 3472 p.
311 3394 383 3455 402.
427 3388 480 3452 De
492 3393 718 3456 resurrectione
733 3393 847 3459 Christi
860 3399 901 3460 ib.
912 3399 991 3460 haec
1005 3397 1100 3462 dicit:
1124 3391 1167 3462 ‘0
1179 3397 1238 3464 do-

130 3492 196 3555 κῶν
215 3477 484 3571 ἀποτεθνηκέναι
505 3482 565 3555 οὐκ
583 3483 721 3578 ἀληθῶς
734 3487 872 3581 ἀνέστη,
893 3509 927 3558 et
939 3500 982 3560 ib.
1000 3502 1025 3580 1.
1041 3510 1092 3566 56.
1114 3524 1148 3586 p.
1162 3509 1236 3569 snt:

128 3588 245 3673 „Cum
265 3584 409 3673 discipuli
425 3589 457 3651 se
478 3601 562 3655 totus
587 3593 732 3658 dederint
753 3595 932 3677 doctrioee,
965 3620 1064 3686 quam
1087 3623 1154 3664 non
1175 3603 1236 3665 sine

128 3695 254 3759 summo
267 3689 425 3776 periculo,
454 3702 491 3752 ut
508 3693 678 3757 hominum
695 3707 771 3758 tunc
789 3699 854 3761 rita
875 3712 960 3779 erat,
981 3702 1126 3785 profiteri
1145 3714 1237 3791 pote-

128 3804 218 3873 rant,
245 3791 305 3877 ipsi
322 3791 404 3852 mihi
422 3789 573 3857 videntur
593 3797 792 3881 perspicuum
810 3803 874 3863 esse
892 3813 926 3863 et
945 3800 1081 3867 evidens
1099 3808 1236 3870 resurre-

128 3891 243 3957 ctionis
254 3902 488 3972 argumentum.
537 3893 628 3957 Hanc
648 3899 736 3959 enim
755 3896 947 3981 doctrinam,
967 3902 1172 3973 sisiuxissent
1185 3926 1236 3969 ro·

38 4008 44 4025 ·
127 3990 294 4055 surrexisse
309 3989 417 4053 Jesum
431 4012 474 4054 ex
483 3995 635 4076 mortuis,
662 4009 750 4061 tante
771 4003 942 4064 constantia
962 4024 1031 4065 non
1048 4007 1234 4069 annuncios·

126 4089 214 4167 sent,
247 4102 283 4152 ut
303 4111 367 4153 non
386 4092 489 4156 solum
509 4095 580 4159 aliis
606 4100 720 4161 mortis
743 4097 924 4185 despectum
950 4103 1155 4184 instillarent,
1184 4102 1235 4169 sed

118 4185 228 4273 ,mm
236 4187 297 4277 ipsi
309 4194 433 4281 priores
445 4195 528 4266 steno
538 4198 689 4267 subirent.
697 4201 717 4284 ’ζ
764 4202 830 4273 cu
843 4203 935 4272 sesne
947 4208 1018 4307 post
1026 4209 1233 4277 resurreetio·
