2572 4770
53 294 57 301 ’
123 292 197 361 178
444 276 533 369 unp.
546 272 629 367 ΙΙΙΙ.
680 266 907 379 ὒρῃμείω.

120 483 198 531 nam
210 457 467 527 verborumlesu
480 456 595 525 Christi
606 450 801 532 custodiunt,
829 446 975 537 quamvis
993 444 1238 509 simulacrorum

122 563 297 632 mltoribue
314 558 389 624 odio
404 560 482 639 sint,
513 559 570 645 qui
582 556 738 641 Mosaicae
756 552 821 632 legi
838 549 1029 626 adhaerent,
1057 557 1090 608 et
1108 556 1238 631 praeter

39 704 46 727 1·
122 665 236 735 odium
255 665 290 727 in
304 663 391 727 vitae
407 660 549 747 periculo
566 659 747 736 versentur,
773 653 829 740 qui
842 651 956 719 Christi
971 647 1150 711 doctrinam
1161 649 1238 710 sus·-

30 778 34 787 '
122 763 314 854 captumst
356 761 463 841 Pergit
479 764 503 845 l
518 773 548 827 2.
569 781 601 846 p.
617 769 694 825 1572
730 752 880 837 „Quodsi
901 750 941 813 ad
961 749 996 813 id
1014 770 1143 836 quoque
1160 748 1239 835 anif

123 866 218 933 mum
236 860 484 939 attenderimus,
513 881 576 946 quo
594 870 686 947 pecto
706 858 799 921 aunie
816 867 881 918 tam
899 851 1026 939 paucis,
1045 861 1095 912 tot
1112 846 1238 913 insidiis

123 965 250 1033 iuuetis
272 963 420 1027 adversus
443 958 654 1040 Christianos,
689 978 826 1045 quorum
852 955 907 1018 alii
935 951 1055 1041 necati,
1087 951 1145 1012 alii
1172 951 1239 1012 bo-

124 1068 179 1134 nit
199 1063 343 1131 mulctati
357 1062 446 1141 sunt,
482 1061 624 1147 potuerit
642 1061 720 1124 haec
740 1056 898 1134 doctrina,
934 1055 1008 1116 licet
1028 1051 1148 1136 alioqui
1170 1071 1237 1112 non

125 1188 244 1251 magna
260 1165 300 1228 fit
314 1142 481 1226 domorum
492 1162 600 1248 copia,
625 1159 744 1246 ubique
758 1171 915 1221 terrarum
929 1151 1119 1241 praedicari,
1142 1151 1186 1212 ita
1201 1162 1238 1212 ut

127 1265 242 1337 Graeci
261 1276 295 1329 et
313 1263 468 1342 barbari,¹
485 1263 644 1350 sapientes
665 1272 699 1323 et
716 1258 902 1344 insipientes
920 1255 961 1319 ad
975 1276 1089 1319 verum
1105 1274 1165 1339 per
1177 1252 1240 1317 Je-

125 1369 198 1434 sum
208 1366 367 1432 Christum
378 1363 443 1429 Dei
455 1365 576 1426 cultum
588 1364 653 1425 sese
666 1358 887 1446 adjunxerint,
907 1379 977 1420 rem
988 1356 1142 1420 humanis
1154 1355 1239 1419 viri-

125 1471 190 1537 hne
202 1469 358 1545 majorem
370 1461 474 1527 dicere
490 1484 556 1525 nou
569 1459 801 1539 dubitabimus,
829 1481 903 1522 cum
917 1457 1101 1546 praesertim
1113 1459 1240 1521 sumena

126 1588 202 1635 cum
228 1564 384 1652 potestate
409 1577 444 1628 et
466 1562 584 1629 fiducia
607 1561 750 1625 docuerit
768 1560 923 1634 Christus,
957 1582 1123 1647 nunquam
1148 1562 1240 1627 suam

126 1669 250 1739 victum
284 1665 325 1729 iri
357 1665 544 1731 doctrinam.
610 1663 754 1747 [Pariter
785 1660 826 1725 de
859 1673 977 1725 eventu
1011 1662 1239 1725 vaticiniorum

126 1766 245 1836 christi
263 1765 405 1852 loquitur
421 1769 525 1831 noster
548 1788 575 1830 c.
590 1764 669 1829 Cels.
688 1763 731 1844 11,
753 1774 782 1830 ’1.
800 1785 833 1828 v,
848 1761 875 1844 I,
894 1764 980 1846 398]
1035 1762 1150 1850 Itaque
1166 1767 1240 1845 jure

125 1888 189 1957 pro
209 1866 345 1931 oraculie
365 1866 533 1931 habendae
550 1868 622 1929 sunt
641 1867 712 1946 ejus
730 1856 845 1944 uoces,
880 1866 991 1951 quales
1017 1867 1080 1929 hae
1103 1870 1177 1931 sunt
1196 1914 1206 1930 .
1228 1915 1239 1931 .

127 1968 244 2037 Maru.
257 1968 303 2049 X,
321 1981 377 2049 183
397 1967 474 2048 VH,
489 1980 540 2035 22.
583 1967 672 2030 Haec
688 1966 776 2029 enim
788 1978 909 2028 temere
920 1967 1060 2052 prolata,
1087 1989 1148 2030 nec
1158 1990 1242 2055 pro-

126 2071 207 2151 inde
230 2091 308 2136 vera
332 2072 414 2150 else,
448 2069 533 2134 torte
558 2068 636 2130 olim
655 2065 827 2130 verisimile
849 2079 935 2146 enat,
968 2078 1097 2131 etcum
1122 2065 1241 2130 deinde

126 2173 312 2251 evenerint,
340 2191 423 2258 quae
443 2180 532 2233 tanta
551 2189 624 2231 cum
645 2167 830 2230 auctoritate
848 2165 930 2230 dicta
947 2168 1093 2248 fuerant,
1113 2169 1242 2255 perspi-

129 2294 228 2340 cuum
246 2275 309 2352 est,
337 2270 446 2336 Deum
462 2290 539 2334 vere
558 2269 725 2332 hominem
741 2270 861 2331 sactum
873 2270 1039 2332 salutarem
1053 2271 1242 2333 hominibus

128 2370 307 2439 doctrinam
319 2369 518 2434 tradidisse.”
557 2370 599 2433 Et
619 2372 642 2452 l.
658 2381 687 2434 6.
708 2390 740 2454 p.
758 2380 815 2435 161
834 2367 957 2449 adjicit:
994 2371 1083 2450 „Hie
1101 2372 1243 2434 breviter

128 2470 173 2539 de
191 2472 264 2537 lesu
288 2469 454 2533 divinitate
477 2468 697 2532 demonstratis
725 2481 758 2531 et
776 2474 1005 2556 prophetarum
1031 2470 1073 2535 de
1095 2494 1136 2535 eo
1160 2494 1243 2558 pro-

128 2571 204 2653 latie
226 2569 409 2636 vaticiniie’'
436 2572 596 2657 (quorum
618 2567 659 2633 de
680 2582 798 2634 eventu
814 2571 972 2655 Origenes
994 2574 1092 2637 etiam
1116 2597 1142 2638 c.
1160 2574 1241 2638 Cels.

129 2671 208 2754 Vll,
233 2674 331 2760 thq.
353 2694 385 2760 p.
400 2677 461 2739 694
481 2673 547 2758 sqq.
567 2674 664 2734 verba
683 2673 790 2754 facit),
825 2697 919 2754 „una
937 2697 1064 2762 quoque
1086 2674 1243 2738 divinitus

127 2772 290 2863 inspicitur
307 2776 388 2853 esse,
409 2793 491 2860 quae
503 2770 544 2835 de
562 2793 601 2836 eo
614 2776 842 2858 pronunciant,
857 2778 1026 2863 scripturae
1038 2775 1244 2840 demonstra-

130 2895 223 2957 mua,
248 2887 283 2940 et
298 2895 380 2961 quae
397 2877 466 2953 ejus
481 2869 657 2937 adveutum
670 2873 908 2964 doctrinamque
923 2879 1135 2958 annunciant,
1161 2878 1244 2940 lite-

130 2996 185 3043 ree
204 2976 295 3039 omni
313 2986 347 3038 et
364 2979 518 3063 potestate
534 2988 568 3040 et
586 2977 770 3040 auctoritate
785 2979 830 3041 ita
842 2980 1001 3058 constare,
1024 2991 1061 3042 ut
1072 2991 1245 3065 propterea

128 3075 276 3160 gentium
295 3077 409 3140 electio
419 3078 606 3163 subsequuta
624 3079 672 3141 sit.
720 3078 791 3141 Huc
807 3077 889 3142 adde
900 3081 1160 3166 propheticorum
1174 3082 1246 3142 ser-

130 3194 269 3241 monum
286 3175 488 3241 divinitatem
509 3190 543 3240 et
563 3179 643 3259 legia
666 3177 821 3242 llosaicae
837 3181 982 3266 spiritum
1003 3178 1144 3243 adventu
1168 3179 1244 3243 lesu

131 3276 379 3366 resplenduisse3
413 3299 518 3365 neque
538 3281 627 3342 enirn
647 3291 720 3342 ante
739 3281 852 3344 Christi
873 3281 1048 3344 adventum
1064 3281 1246 3344 manifestis

131 3381 329 3462 argumentis
342 3378 464 3445 ollandi
479 3390 619 3467 poterat,
646 3393 772 3445 veteres
789 3382 955 3466 scripturae
975 3381 1128 3446 divinitus
1148 3383 1247 3447 fuisse

133 3480 318 3569 inspiratam
350 3480 465 3546 Christi
485 3492 594 3544 autem
608 3479 830 3562 erlventueiie,
858 3484 915 3568 qui
929 3483 1076 3568 suspicari
1093 3468 1247 3569 poterant

135 3580 242 3662 legem
267 3596 300 3648 et
319 3583 492 3668 prophetae
519 3603 586 3644 non
614 3583 678 3644 esse
701 3579 846 3663 divinoe,
880 3584 1047 3668 perspicue
1068 3582 1247 3647 declaravit

136 3682 265 3747 eoelesti
284 3683 384 3765 gratia
407 3685 469 3745 esse
491 3682 693 3766 conscriptos.
742 3680 807 3745 Sed
826 3694 859 3746 et
874 3684 930 3769 qui
943 3683 1114 3763 diligenter
1128 3695 1247 3746 atten-

136 3790 236 3869 teque
259 3783 294 3845 in
312 3783 450 3846 lectione
470 3783 699 3868 prophetarum
721 3786 861 3847 versatus
881 3783 957 3864 erit,
991 3783 1093 3846 divini
1111 3784 1247 3851 efflatus

138 3883 306 3966 vestigium
322 3882 450 3960 sentiet,
473 3894 506 3946 et
516 3882 592 3944 inde
604 3885 867 3969 persuasissimum
881 3886 1028 3964 habebit,
1050 3906 1116 3946 non
1128 3885 1248 3949 homi-

138 4003 219 4049 num
233 3986 488 4062 elieser-mones,
520 4005 600 4070 quoe
618 4006 677 4069 pro
692 3983 809 4050 divinia
822 3988 988 4051 habemus.
1030 3985 1163 4052 Lumen
1176 3989 1247 4070 igi-

138 4094 192 4147 tur
204 4083 300 4147 Mulie
321 4086 383 4165 legi
403 4086 573 4148 inhaerens
591 4085 683 4170 quod·
696 4087 857 4151 velamine
877 4089 1105 4171 obtegebatur,
1136 4086 1248 4153 adve-

136 4181 248 4247 nieme
259 4184 332 4248 lesu
347 4184 467 4249 Christo
488 4185 628 4267 refulsit,
655 4188 762 4251 ablato
782 4188 944 4254 velamine
960 4202 995 4255 et
1014 4189 1123 4269 bunia,
1153 4210 1246 4276 quo-
