2572 4770
386 204 860 405 ”feruruntus
1011 294 1030 365 ,·
1093 268 1170 349 ρο

69 458 184 546 'trinitus
194 456 293 543 ipsine
307 458 459 541 processio
471 460 506 521 in
519 478 559 523 eo
576 459 616 521 ub
631 458 702 522 osile
714 456 973 543 processionibus·
981 444 1173 539 secernitur,¹

69 557 467 649 luodtconsubslontiositer
485 558 661 623 facto-nr:”
700 554 819 635 Quare
843 556 1003 623 etiem-od
1025 554 1172 645 spiritum

69 664 204 724 ltnctum
224 657 421 743 precandum
442 661 505 721 esse
524 650 685 740 Didymus
705 658 758 721 ast.
808 647 1087 738 Oemadniodtrm,
1113 658 1173 720 ina

69 761 129 848 ruit
143 758 184 821 de
197 769 237 823 tr.
253 757 297 834 ΙΙ,
313 771 340 836 5,
362 770 438 838 1³9,
466 759 571 821 sisium
585 755 778 839 edormire,
807 756 868 822 τὸν
886 749 961 825 ἶσον
972 752 1101 844 τρόπον
1113 757 1174 829 nul

69 860 141 947 teos
162 859 224 923 τοῦ
242 849 340 943 ἁγίου
359 851 548 940 πνεύματος
565 850 785 939 διακείμεθα,
812 870 846 922 et
865 860 907 924 ib.
923 884 949 927 c.
967 875 1018 929 21.
1040 876 1073 947 p.
1091 874 1175 931 2922

69 964 109 1028 uu
127 951 257 1045 τρόπον
277 956 312 1023 ἐν
331 959 381 1044 τῷ
399 955 461 1045 υἱῷ
482 954 809 1044 προςκονοῖααεςτὸν
821 957 952 1046 πατέρα
963 962 1175 1051 προςαονοῦ-

69 1082 121 1125 ueu
133 1059 191 1124 καὶ
204 1054 263 1124 τὸν
274 1052 363 1122 υἱόν·
384 1056 444 1125 τὸν
455 1047 528 1123 ἶσον
541 1050 671 1143 τρόπον
686 1053 721 1120 ἐν
733 1058 781 1143 τῷ
792 1050 875 1145 ἁγίῳ
887 1059 1057 1144 πνεύματι·
1064 1080 1175 1149 προς-

69 1159 235 1235 πονοῦντες
248 1159 560 1244 ουμπροςκυνοῠμον
571 1158 629 1222 καὶ
642 1149 735 1223 αὐτό.
772 1160 904 1251 Necnon
917 1158 959 1224 de
974 1163 1084 1249 spiritu
1098 1166 1177 1227 sona

69 1275 130 1341 rto,
164 1261 212 1323 uti
231 1259 275 1335 de
293 1262 381 1340 sisio,
416 1259 592 1327 doctrinaui
615 1261 757 1325 thesibus
781 1260 972 1347 quibusdem
996 1260 1112 1343 (xxl)
1132 1262 1176 1328 de

69 1384 101 1427 n.
120 1360 180 1440 Ill,
202 1375 232 1438 2,
255 1372 316 1428 ete
336 1363 402 1448 sqq.
430 1358 605 1448 repetendo
631 1359 897 1446 oomprehenditg·
928 1362 983 1426 sed
1008 1375 1176 1450 praeterea

69 1462 160 1527 etiem
185 1462 228 1525 ib.
245 1460 288 1542 ll,
302 1472 354 1541 25,
369 1462 510 1548 ἰξοῦ-[ρο.
530 1463 686 1523 sutnnioin
704 1461 931 1548 disquisitionis
957 1462 999 1527 de
1020 1465 1130 1550 spiritu
1149 1466 1176 1530 s:

69 1562 159 1630 rodit
172 1564 395 1628 hisce-verbio:
418 1610 439 1642 ‚,
448 1564 530 1627 eum
547 1580 622 1641 ergo
636 1563 820 1625 sublimium
834 1562 1082 1652 divinorumque
1098 1576 1179 1628 tex·-

69 1678 156 1728 tuum
169 1665 348 1727 testimonio
362 1666 532 1749 probetur,
553 1661 697 1746 spiritum
711 1664 852 1727 sonetum
871 1679 1039 1733 cooeterne
1054 1684 1098 1729 ex
1112 1686 1179 1729 une

69 1778 97 1831 et
117 1769 264 1851 supreme
285 1764 395 1828 divina
415 1775 527 1827 notura
552 1755 608 1839 (dx
623 1759 685 1845 τῆς
704 1760 786 1841 μιᾶς
804 1764 862 1826 καὶ
881 1756 1043 1829 ἀνωτάτω
1057 1762 1179 1851 &esurie

69 1861 215 1953 φύσεως)
229 1867 380 1942 eluxisse,
407 1879 547 1948 eumque
565 1858 738 1922 secuudum
763 1864 927 1925 essentiam
950 1877 984 1928 et
1000 1870 1180 1952 potentiam

69 1988 169 2052 reque
193 1986 228 2027 oc
239 1978 368 2050 patrem
388 1975 422 2026 et
437 1965 543 2026 lilium
555 1961 621 2021 stne
634 1961 703 2020 ulto
718 1957 1103 2047 discrepentiu'insinitum
1115 1968 1182 2029 esse

69 2078 99 2129 et
113 2065 403 2149 incorruptibilem,
430 2074 465 2127 et
483 2060 610 2148 propriu
629 2060 784 2144 potestate
803 2062 985 2148 praeditum
1008 2058 1063 2143 (τὸ
1078 2057 1183 2129 αὐτο-ι

69 2157 216 2243 inducor)
234 2176 268 2228 et
285 2167 407 2229 bonurn
426 2175 460 2227 et
479 2165 639 2237 sonetum,
663 2163 820 2225 etrornnia
832 2164 967 2242 hebere,
989 2182 1072 2250 quoe
1086 2174 1181 2229 antee
1261 2246 1263 2253 Ι

69 2265 150 2327 dicta
165 2266 253 2344 sunt,
280 2263 361 2328 adeo
375 2278 411 2329 ut
423 2286 467 2327 ex
476 2265 545 2350 ipso
561 2265 805 2343 cognoscemus,
832 2261 941 2327 Deum
960 2265 993 2325 in
1007 2265 1101 2328 nobie
1114 2268 1182 2329 ho-

69 2367 188 2442 hitore3
210 2367 346 2451 cumque
357 2376 466 2450 peter,
486 2361 564 2427 dum
579 2363 822 2431 illamdertarnt
834 2366 899 2429 esse
915 2365 1014 2450 ipsine
1024 2365 1182 2451 spiritum,

69 2466 235 2530 manifesto
262 2469 394 2527 testetur
418 2465 532 2543 etiam,
567 2484 643 2527 eum
668 2465 728 2550 ipsi
749 2466 1043 2527 consubstantialem
1063 2464 1127 2530 esse
1149 2478 1185 2531 et

68 2567 176 2634 Deum
189 2569 383 2645 increatum
408 2584 546 2651 cumque
558 2582 601 2625 ne
615 2564 703 2627 silius
716 2563 847 2651 quidem
860 2563 1049 2645 dedignatus
1061 2566 1099 2629 sit
1108 2582 1125 2648 ,¹
1140 2569 1183 2630 ob

69 2669 349 2746 communionem,
370 2687 466 2751 quom
481 2686 554 2729 cum
568 2665 634 2750 ipso
647 2667 762 2745 hebet,
776 2664 903 2729 deitatis
916 2677 950 2727 et
962 2665 1052 2744 regni
1063 2678 1096 2728 et
1108 2668 1186 2748 glo·-

68 2771 157 2849 rioe,
186 2781 218 2832 et
235 2770 269 2832 in
288 2769 352 2852 ipso
375 2767 469 2845 ungi,
498 2777 531 2827 et
547 2784 624 2827 eum
639 2766 924 2852 monentemopud
936 2769 1040 2852 ipsum
1051 2768 1184 2851 hebere,

69 2880 102 2932 et
123 2889 181 2954 per
199 2870 400 2953 semetipsum
419 2866 506 2927 illiue
530 2864 703 2929 adventurn
721 2850 965 2952 praenunciare,
987 2879 1021 2929 et
1035 2871 1185 2954 aequali·-

69 2980 169 3032 tutem
183 2970 315 3031 honorio
329 2968 360 3030 ei
372 2967 529 3043 tribuere,
558 2986 655 3051 quam
668 2970 828 3051 apostolus
839 2970 937 3030 etiem
950 2968 1103 3051 servavit,
1127 2972 1185 3059 qui

69 3070 393 3143 ,communicationem
414 3085 541 3153 quoque
562 3078 594 3127 et
615 3067 771 3129 unitatein
789 3069 1188 3160 ipsinecommernorevitg

69 3182 188 3235 etcum
204 3170 349 3232 similiter
362 3187 474 3231 omnes
488 3164 570 3229 asine
579 3166 749 3251 scripturae
763 3188 860 3229 unam
880 3172 942 3231 esse
964 3171 1107 3237 divinem
1121 3196 1187 3238 ne-

69 3284 176 3335 turem
197 3270 381 3349 ostendent,
411 3280 443 3331 et
460 3286 562 3327 unum
582 3286 704 3329 nornen
724 3268 788 3330 else
809 3265 916 3331 dicent
932 3272 1056 3337 summe
1074 3277 1186 3343 hono-‚-

70 3373 189 3439 rendae
214 3372 364 3449 trinitati,
396 3381 429 3432 et
447 3370 538 3431 issum
558 3368 594 3430 in
613 3370 709 3431 tontis
728 3379 761 3431 et
780 3369 897 3432 talibus
915 3369 1186 3441 donicum-simul

72 3497 144 3541 rum
160 3475 228 3537 filio
241 3473 415 3548 collocent,
437 3470 604 3533 autetiam
620 3470 757 3532 seorsum
771 3469 873 3554 ipsum
890 3468 1061 3553 dedivinie
1074 3477 1188 3561 operi·-

70 3578 132 3641 bue
144 3588 178 3639 et
190 3574 362 3637 virtutibus
379 3571 549 3653 loquentes
562 3583 762 3648 memorent,
772 3622 777 3629 .
789 3574 823 3641 et'
833 3591 908 3633 eum
923 3588 1038 3637 vorent
1050 3594 1107 3662 per
1119 3596 1188 3649 exa¹

72 3677 253 3741 oelleutiam
266 3672 582 3759 spiritumsssanctum,
599 3672 743 3757 spiritum
755 3669 836 3750 Dei,
850 3684 945 3736 etex
956 3674 1026 3737 Deo
1039 3676 1185 3739 existen-

71 3789 156 3856 tem,
188 3789 221 3839 et
243 3797 262 3837 e
282 3784 370 3860 petre
385 3770 629 3856 procedentem,
648 3782 681 3835 et
696 3771 840 3858 spiritum
853 3793 971 3853 unum,
993 3786 1026 3837 et
1039 3772 1185 3861 spiritum
1244 3778 1247 3839 3

71 3878 234 3956 veritatis,
259 3888 292 3938 et
303 3874 447 3958 spiritum
468 3869 632 3952 divinum,
658 3873 1074 3960 etflotumomnipotentie‚
1100 3900 1187 3965 quoe

69 3980 128 4055 vel
141 3980 204 4041 solu
217 3979 317 4064 perse
330 3972 487 4039 sufficiunt
500 3986 609 4037 contra
623 3994 736 4037 omnee
754 3974 929 4037 haereticae
938 3974 1191 4065 -perverlittrtetu,u

72 4099 215 4167 cumque
230 4076 362 4140 eaedem
375 4076 545 4145 testentur,
573 4071 660 4159 quod
680 4094 739 4137 noe
754 4087 787 4138 et
800 4075 863 4140 Dei
874 4076 962 4153 ¹silius
974 4077 1051 4139 serit
1063 4092 1097 4142 et
1109 4079 1186 4144 dei-

71 4182 148 4252 tur
159 4190 194 4244 et
207 4177 321 4245 liberet
333 4188 367 4244 et
380 4177 506 4243 rursum
518 4186 626 4261 ποια,-
646 4186 681 4241 et
699 4187 898 4264 peccamen
915 4176 1009 4244 mi·
1019 4175 1187 4269 ὤμω..
