<?xml version="1.0" encoding="UTF-8"?>
<!DOCTYPE html PUBLIC "-//W3C//DTD XHTML 1.0 Transitional//EN"
    "http://www.w3.org/TR/xhtml1/DTD/xhtml1-transitional.dtd">
<html xmlns="http://www.w3.org/1999/xhtml" xml:lang="en" lang="en">
 <head>
  <title>
</title>
<meta http-equiv="Content-Type" content="text/html;charset=utf-8" />
  <meta name='ocr-system' content='tesseract 3.04.00' />
  <meta name='ocr-capabilities' content='ocr_page ocr_carea ocr_par ocr_line ocrx_word'/>
</head>
<body>
  <div class='ocr_page' id='page_1' title='image "./descholaquaeale00guergoog/descholaquaeale00guergoog_0141.png"; bbox 0 0 2572 4770; ppageno 0'>
   <div class='ocr_carea' id='block_1_1' title="bbox 23 474 1266 1390">
    <p class='ocr_par' dir='ltr' id='par_1_1' title="bbox 83 474 1266 776">
     <span class='ocr_line' id='line_1_1' title="bbox 83 474 1266 579; baseline -0.008 -21"><span class='ocrx_word' id='word_1_1' title='bbox 83 570 86 576; x_wconf 88' lang='lat'><em>.</em></span> <span class='ocrx_word' id='word_1_2' title='bbox 149 488 279 579; x_wconf 83' lang='lat' dir='ltr'>scripta,</span> <span class='ocrx_word' id='word_1_3' title='bbox 300 484 457 574; x_wconf 74' lang='lat' dir='ltr'>imprimis</span> <span class='ocrx_word' id='word_1_4' title='bbox 470 487 780 574; x_wconf 78' lang='lat' dir='ltr'>maximempartem</span> <span class='ocrx_word' id='word_1_5' title='bbox 794 486 866 550; x_wconf 85' lang='lat' dir='ltr'>libri</span> <span class='ocrx_word' id='word_1_6' title='bbox 887 480 966 571; x_wconf 75' lang='grc' dir='ltr'>περὶ</span> <span class='ocrx_word' id='word_1_7' title='bbox 988 474 1118 570; x_wconf 58' lang='grc' dir='ltr'>ἇρχῶὺ,“</span> <span class='ocrx_word' id='word_1_8' title='bbox 1140 483 1266 572; x_wconf 81' lang='lat' dir='ltr'>&#39;&#39;super-</span> 
     </span>
     <span class='ocr_line' id='line_1_2' title="bbox 143 585 1261 669; baseline -0.007 -11"><span class='ocrx_word' id='word_1_9' title='bbox 143 595 224 658; x_wconf 75' lang='lat' dir='ltr'>‘snnt</span> <span class='ocrx_word' id='word_1_10' title='bbox 238 604 362 655; x_wconf 83' lang='lat' dir='ltr'>tuntum</span> <span class='ocrx_word' id='word_1_11' title='bbox 382 591 418 653; x_wconf 91' lang='lat' dir='ltr'>in</span> <span class='ocrx_word' id='word_1_12' title='bbox 430 591 547 656; x_wconf 81' lang='lat' dir='ltr'>Latina</span> <span class='ocrx_word' id='word_1_13' title='bbox 559 593 702 654; x_wconf 86' lang='lat' dir='ltr'>versione</span> <span class='ocrx_word' id='word_1_14' title='bbox 718 587 847 667; x_wconf 86' lang='lat' dir='ltr'>Rufini,</span> <span class='ocrx_word' id='word_1_15' title='bbox 876 590 927 649; x_wconf 91' lang='lat' dir='ltr'>cui</span> <span class='ocrx_word' id='word_1_16' title='bbox 940 587 1157 669; x_wconf 75' lang='lat' dir='ltr'>Hieronymus</span> <span class='ocrx_word' id='word_1_17' title='bbox 1181 585 1261 668; x_wconf 75' lang='lat' dir='ltr'>(vid.</span> 
     </span>
     <span class='ocr_line' id='line_1_3' title="bbox 152 685 1264 776; baseline -0.01 -16"><span class='ocrx_word' id='word_1_18' title='bbox 152 703 357 760; x_wconf 85' lang='lat' dir='ltr'>commentat</span> <span class='ocrx_word' id='word_1_19' title='bbox 378 693 467 756; x_wconf 79' lang='lat' dir='ltr'>istius</span> <span class='ocrx_word' id='word_1_20' title='bbox 484 692 519 756; x_wconf 59' lang='lat' dir='ltr'>tt.</span> <span class='ocrx_word' id='word_1_21' title='bbox 535 691 560 754; x_wconf 93' lang='lat'>1.</span> <span class='ocrx_word' id='word_1_22' title='bbox 580 715 611 776; x_wconf 90' lang='lat' dir='ltr'>p.</span> <span class='ocrx_word' id='word_1_23' title='bbox 629 697 678 756; x_wconf 81' lang='lat' dir='ltr'>et.</span> <span class='ocrx_word' id='word_1_24' title='bbox 708 700 773 751; x_wconf 72' lang='lat' dir='ltr'>not.</span> <span class='ocrx_word' id='word_1_25' title='bbox 792 691 848 766; x_wconf 78' lang='lat'>62)</span> <span class='ocrx_word' id='word_1_26' title='bbox 872 689 992 749; x_wconf 81' lang='lat' dir='ltr'>malam</span> <span class='ocrx_word' id='word_1_27' title='bbox 1018 685 1118 750; x_wconf 88' lang='lat' dir='ltr'>fidem</span> <span class='ocrx_word' id='word_1_28' title='bbox 1139 708 1264 773; x_wconf 89' lang='lat' dir='ltr'>oppro-</span> 
     </span>
    </p>

    <p class='ocr_par' dir='ltr' id='par_1_2' title="bbox 54 786 1266 1078">
     <span class='ocr_line' id='line_1_4' title="bbox 56 786 1263 874; baseline -0.008 -12"><span class='ocrx_word' id='word_1_29' title='bbox 56 837 59 843; x_wconf 79' lang='lat'>,</span> <span class='ocrx_word' id='word_1_30' title='bbox 152 799 233 862; x_wconf 74' lang='lat' dir='ltr'>brae</span> <span class='ocrx_word' id='word_1_31' title='bbox 290 794 467 871; x_wconf 70' lang='lat' dir='ltr'>Potuerunt</span> <span class='ocrx_word' id='word_1_32' title='bbox 491 795 587 874; x_wconf 81' lang='lat' dir='ltr'>igitur</span> <span class='ocrx_word' id='word_1_33' title='bbox 612 793 674 852; x_wconf 84' lang='lat' dir='ltr'>alia</span> <span class='ocrx_word' id='word_1_34' title='bbox 704 791 842 870; x_wconf 78' lang='lat' dir='ltr'>genuino</span> <span class='ocrx_word' id='word_1_35' title='bbox 864 810 882 849; x_wconf 82' lang='lat' dir='ltr'>a</span> <span class='ocrx_word' id='word_1_36' title='bbox 903 786 1022 850; x_wconf 87' lang='lat' dir='ltr'>Rufino</span> <span class='ocrx_word' id='word_1_37' title='bbox 1041 791 1163 869; x_wconf 91' lang='lat' dir='ltr'>omitti,</span> <span class='ocrx_word' id='word_1_38' title='bbox 1199 790 1263 853; x_wconf 83' lang='lat' dir='ltr'>elin</span> 
     </span>
     <span class='ocr_line' id='line_1_5' title="bbox 54 889 1264 977; baseline -0.008 -15"><span class='ocrx_word' id='word_1_39' title='bbox 54 936 58 943; x_wconf 93' lang='lat'>·</span> <span class='ocrx_word' id='word_1_40' title='bbox 92 954 97 963; x_wconf 73' lang='grc'>,</span> <span class='ocrx_word' id='word_1_41' title='bbox 154 896 333 962; x_wconf 77' lang='lat' dir='ltr'>adulterino</span> <span class='ocrx_word' id='word_1_42' title='bbox 349 893 450 974; x_wconf 78' lang='lat' dir='ltr'>adjici.</span> <span class='ocrx_word' id='word_1_43' title='bbox 500 893 686 957; x_wconf 78' lang='lat' dir='ltr'>Gravissima</span> <span class='ocrx_word' id='word_1_44' title='bbox 706 893 860 953; x_wconf 88' lang='lat' dir='ltr'>librornnr</span> <span class='ocrx_word' id='word_1_45' title='bbox 879 889 919 952; x_wconf 89' lang='lat' dir='ltr'>de</span> <span class='ocrx_word' id='word_1_46' title='bbox 933 890 1047 975; x_wconf 80' lang='lat' dir='ltr'>princ,</span> <span class='ocrx_word' id='word_1_47' title='bbox 1070 912 1153 977; x_wconf 82' lang='lat' dir='ltr'>quoe</span> <span class='ocrx_word' id='word_1_48' title='bbox 1165 889 1264 954; x_wconf 77' lang='lat' dir='ltr'>edul-</span> 
     </span>
     <span class='ocr_line' id='line_1_6' title="bbox 155 991 1266 1078; baseline -0.008 -14"><span class='ocrx_word' id='word_1_49' title='bbox 155 1011 257 1064; x_wconf 79' lang='lat' dir='ltr'>teratu</span> <span class='ocrx_word' id='word_1_50' title='bbox 274 999 336 1060; x_wconf 77' lang='lat' dir='ltr'>else</span> <span class='ocrx_word' id='word_1_51' title='bbox 350 993 493 1073; x_wconf 85' lang='lat' dir='ltr'>videtur,</span> <span class='ocrx_word' id='word_1_52' title='bbox 515 992 655 1056; x_wconf 82' lang='lat' dir='ltr'>doctrina</span> <span class='ocrx_word' id='word_1_53' title='bbox 671 996 717 1056; x_wconf 86' lang='lat' dir='ltr'>est</span> <span class='ocrx_word' id='word_1_54' title='bbox 732 991 772 1054; x_wconf 90' lang='lat' dir='ltr'>de</span> <span class='ocrx_word' id='word_1_55' title='bbox 782 993 932 1055; x_wconf 84' lang='lat' dir='ltr'>trinitate.</span> <span class='ocrx_word' id='word_1_56' title='bbox 974 992 1103 1055; x_wconf 79' lang='lat' dir='ltr'>Etenim</span> <span class='ocrx_word' id='word_1_57' title='bbox 1118 991 1266 1078; x_wconf 89' lang='lat' dir='ltr'>quodibi</span> 
     </span>
    </p>

    <p class='ocr_par' dir='ltr' id='par_1_3' title="bbox 155 1086 1264 1179">
     <span class='ocr_line' id='line_1_7' title="bbox 155 1086 1264 1179; baseline -0.008 -13"><span class='ocrx_word' id='word_1_58' title='bbox 155 1103 218 1167; x_wconf 80' lang='lat' dir='ltr'>hoc</span> <span class='ocrx_word' id='word_1_59' title='bbox 239 1100 279 1163; x_wconf 89' lang='lat' dir='ltr'>de</span> <span class='ocrx_word' id='word_1_60' title='bbox 300 1097 449 1178; x_wconf 77' lang='lat' dir='ltr'>dogmate</span> <span class='ocrx_word' id='word_1_61' title='bbox 472 1117 491 1158; x_wconf 87' lang='lat' dir='ltr'>c</span> <span class='ocrx_word' id='word_1_62' title='bbox 511 1095 655 1157; x_wconf 76' lang='lat' dir='ltr'>versione</span> <span class='ocrx_word' id='word_1_63' title='bbox 667 1092 777 1156; x_wconf 86' lang='lat' dir='ltr'>Rufini</span> <span class='ocrx_word' id='word_1_64' title='bbox 795 1086 972 1173; x_wconf 80' lang='lat' dir='ltr'>invenitor,</span> <span class='ocrx_word' id='word_1_65' title='bbox 995 1094 1139 1179; x_wconf 84' lang='lat' dir='ltr'>pluribus</span> <span class='ocrx_word' id='word_1_66' title='bbox 1154 1107 1264 1179; x_wconf 82' lang='lat' dir='ltr'>aperte</span> 
     </span>
    </p>

    <p class='ocr_par' dir='ltr' id='par_1_4' title="bbox 23 1192 1265 1390">
     <span class='ocr_line' id='line_1_8' title="bbox 23 1192 1265 1282; baseline -0.009 -15"><span class='ocrx_word' id='word_1_67' title='bbox 23 1242 28 1252; x_wconf 48' lang='grc' dir='ltr'><em>ι</em></span> <span class='ocrx_word' id='word_1_68' title='bbox 69 1224 72 1229; x_wconf 92' lang='grc'><em>·</em></span> <span class='ocrx_word' id='word_1_69' title='bbox 158 1200 265 1265; x_wconf 82' lang='lat' dir='ltr'>dissert</span> <span class='ocrx_word' id='word_1_70' title='bbox 282 1201 323 1262; x_wconf 81' lang='lat' dir='ltr'>ab</span> <span class='ocrx_word' id='word_1_71' title='bbox 340 1198 398 1276; x_wconf 82' lang='lat' dir='ltr'>iis,</span> <span class='ocrx_word' id='word_1_72' title='bbox 426 1216 507 1282; x_wconf 81' lang='lat' dir='ltr'>qtrue</span> <span class='ocrx_word' id='word_1_73' title='bbox 526 1196 615 1258; x_wconf 80' lang='lat' dir='ltr'>libris</span> <span class='ocrx_word' id='word_1_74' title='bbox 637 1194 786 1274; x_wconf 84' lang='lat' dir='ltr'>Origenis</span> <span class='ocrx_word' id='word_1_75' title='bbox 808 1215 916 1274; x_wconf 82' lang='lat' dir='ltr'>graece</span> <span class='ocrx_word' id='word_1_76' title='bbox 938 1192 1042 1254; x_wconf 82' lang='lat' dir='ltr'>adhuc</span> <span class='ocrx_word' id='word_1_77' title='bbox 1068 1196 1265 1257; x_wconf 78' lang='lat' dir='ltr'>exstantibus</span> 
     </span>
     <span class='ocr_line' id='line_1_9' title="bbox 156 1291 1264 1390; baseline -0.006 -24"><span class='ocrx_word' id='word_1_78' title='bbox 156 1305 379 1390; x_wconf 79' lang='lat' dir='ltr'>proferuntur,</span> <span class='ocrx_word' id='word_1_79' title='bbox 413 1294 552 1382; x_wconf 88' lang='lat' dir='ltr'>ideoque</span> <span class='ocrx_word' id='word_1_80' title='bbox 575 1297 720 1360; x_wconf 83' lang='lat' dir='ltr'>versione</span> <span class='ocrx_word' id='word_1_81' title='bbox 739 1297 793 1358; x_wconf 76' lang='lat' dir='ltr'>tua</span> <span class='ocrx_word' id='word_1_82' title='bbox 814 1294 985 1360; x_wconf 81' lang='lat' dir='ltr'>Rufiniana</span> <span class='ocrx_word' id='word_1_83' title='bbox 1007 1291 1048 1357; x_wconf 85' lang='lat' dir='ltr'>nd</span> <span class='ocrx_word' id='word_1_84' title='bbox 1067 1296 1264 1359; x_wconf 83' lang='lat' dir='ltr'>constituen-</span> 
     </span>
    </p>
   </div>
   <div class='ocr_carea' id='block_1_2' title="bbox 159 1452 359 1483">
    <p class='ocr_par' dir='ltr' id='par_1_5' title="bbox 159 1452 359 1483">
     <span class='ocr_line' id='line_1_10' title="bbox 159 1452 359 1483; baseline -0.005 0"><span class='ocrx_word' id='word_1_85' title='bbox 159 1452 359 1483; x_wconf 48' lang='grc' dir='ltr'><strong>μ</strong></span> 
     </span>
    </p>
   </div>
   <div class='ocr_carea' id='block_1_3' title="bbox 79 1558 1270 4300">
    <p class='ocr_par' dir='ltr' id='par_1_6' title="bbox 79 1558 1270 4300">
     <span class='ocr_line' id='line_1_11' title="bbox 229 1558 1265 1629; baseline -0.005 -14"><span class='ocrx_word' id='word_1_86' title='bbox 229 1564 261 1615; x_wconf 89' lang='lat' dir='ltr'>in</span> <span class='ocrx_word' id='word_1_87' title='bbox 280 1558 441 1613; x_wconf 78' lang='lat' dir='ltr'>Palaestina</span> <span class='ocrx_word' id='word_1_88' title='bbox 460 1561 543 1626; x_wconf 86' lang='lat' dir='ltr'>sunt,</span> <span class='ocrx_word' id='word_1_89' title='bbox 567 1560 707 1614; x_wconf 86' lang='lat' dir='ltr'>miserunt</span> <span class='ocrx_word' id='word_1_90' title='bbox 727 1560 763 1613; x_wconf 84' lang='lat' dir='ltr'>ad</span> <span class='ocrx_word' id='word_1_91' title='bbox 779 1576 827 1613; x_wconf 88' lang='lat' dir='ltr'>me</span> <span class='ocrx_word' id='word_1_92' title='bbox 841 1560 872 1612; x_wconf 88' lang='lat' dir='ltr'>in</span> <span class='ocrx_word' id='word_1_93' title='bbox 886 1559 1012 1613; x_wconf 77' lang='lat' dir='ltr'>Athenae</span> <span class='ocrx_word' id='word_1_94' title='bbox 1026 1558 1194 1625; x_wconf 87' lang='lat' dir='ltr'>hominem,</span> <span class='ocrx_word' id='word_1_95' title='bbox 1215 1558 1265 1629; x_wconf 86' lang='lat' dir='ltr'>qni</span> 
     </span>
     <span class='ocr_line' id='line_1_12' title="bbox 228 1645 1267 1718; baseline -0.002 -17"><span class='ocrx_word' id='word_1_96' title='bbox 228 1647 376 1715; x_wconf 85' lang='lat' dir='ltr'>acciperet</span> <span class='ocrx_word' id='word_1_97' title='bbox 388 1665 405 1699; x_wconf 82' lang='lat' dir='ltr'><strong>a</strong></span> <span class='ocrx_word' id='word_1_98' title='bbox 420 1648 569 1716; x_wconf 90' lang='lat' dir='ltr'>meipsum</span> <span class='ocrx_word' id='word_1_99' title='bbox 585 1646 783 1701; x_wconf 74' lang='lat' dir='ltr'>authenticum</span> <span class='ocrx_word' id='word_1_100' title='bbox 800 1648 961 1717; x_wconf 84' lang='lat' dir='ltr'>exemplar,</span> <span class='ocrx_word' id='word_1_101' title='bbox 984 1645 1062 1718; x_wconf 86' lang='lat' dir='ltr'>qnod</span> <span class='ocrx_word' id='word_1_102' title='bbox 1074 1662 1112 1697; x_wconf 87' lang='lat' dir='ltr'>ne</span> <span class='ocrx_word' id='word_1_103' title='bbox 1124 1645 1267 1699; x_wconf 78' lang='lat' dir='ltr'>relectum</span> 
     </span>
     <span class='ocr_line' id='line_1_13' title="bbox 230 1731 1266 1805; baseline -0.003 -18"><span class='ocrx_word' id='word_1_104' title='bbox 230 1734 350 1805; x_wconf 80' lang='lat' dir='ltr'>quidem</span> <span class='ocrx_word' id='word_1_105' title='bbox 368 1733 413 1784; x_wconf 81' lang='lat' dir='ltr'>vel</span> <span class='ocrx_word' id='word_1_106' title='bbox 433 1731 605 1785; x_wconf 79' lang='lat' dir='ltr'>recensitum</span> <span class='ocrx_word' id='word_1_107' title='bbox 626 1751 643 1785; x_wconf 81' lang='lat' dir='ltr'>a</span> <span class='ocrx_word' id='word_1_108' title='bbox 661 1750 709 1786; x_wconf 89' lang='lat' dir='ltr'>me</span> <span class='ocrx_word' id='word_1_109' title='bbox 731 1744 816 1787; x_wconf 84' lang='lat' dir='ltr'>cntea</span> <span class='ocrx_word' id='word_1_110' title='bbox 828 1733 940 1799; x_wconf 82' lang='lat' dir='ltr'>fuerat,</span> <span class='ocrx_word' id='word_1_111' title='bbox 963 1734 1013 1785; x_wconf 89' lang='lat' dir='ltr'>sed</span> <span class='ocrx_word' id='word_1_112' title='bbox 1031 1733 1073 1784; x_wconf 80' lang='lat' dir='ltr'>ita</span> <span class='ocrx_word' id='word_1_113' title='bbox 1095 1733 1266 1804; x_wconf 67' lang='lat' dir='ltr'>neglectum</span> 
     </span>
     <span class='ocr_line' id='line_1_14' title="bbox 229 1817 1265 1888; baseline -0.003 -16"><span class='ocrx_word' id='word_1_114' title='bbox 229 1819 364 1887; x_wconf 76' lang='lat' dir='ltr'>jacebat,</span> <span class='ocrx_word' id='word_1_115' title='bbox 383 1817 614 1871; x_wconf 81' lang='lat' dir='ltr'>ntvixinveniri</span> <span class='ocrx_word' id='word_1_116' title='bbox 629 1821 765 1888; x_wconf 89' lang='lat' dir='ltr'>potuerit.</span> <span class='ocrx_word' id='word_1_117' title='bbox 809 1819 877 1871; x_wconf 85' lang='lat' dir='ltr'>Misi</span> <span class='ocrx_word' id='word_1_118' title='bbox 890 1827 1007 1885; x_wconf 91' lang='lat' dir='ltr'>tamen,</span> <span class='ocrx_word' id='word_1_119' title='bbox 1034 1819 1129 1872; x_wconf 85' lang='lat' dir='ltr'>etsub</span> <span class='ocrx_word' id='word_1_120' title='bbox 1144 1821 1207 1872; x_wconf 90' lang='lat' dir='ltr'>Dec</span> <span class='ocrx_word' id='word_1_121' title='bbox 1223 1826 1265 1870; x_wconf 85' lang='lat' dir='ltr'>tc-</span> 
     </span>
     <span class='ocr_line' id='line_1_15' title="bbox 229 1903 1268 1975; baseline -0.002 -17"><span class='ocrx_word' id='word_1_122' title='bbox 229 1908 269 1959; x_wconf 83' lang='lat' dir='ltr'>Ite</span> <span class='ocrx_word' id='word_1_123' title='bbox 283 1906 405 1975; x_wconf 88' lang='lat' dir='ltr'>loquor,</span> <span class='ocrx_word' id='word_1_124' title='bbox 425 1905 563 1974; x_wconf 87' lang='lat' dir='ltr'>quoniam</span> <span class='ocrx_word' id='word_1_125' title='bbox 577 1923 641 1958; x_wconf 89' lang='lat' dir='ltr'>cnm</span> <span class='ocrx_word' id='word_1_126' title='bbox 656 1906 848 1957; x_wconf 72' lang='lat' dir='ltr'>convenissem</span> <span class='ocrx_word' id='word_1_127' title='bbox 860 1903 945 1956; x_wconf 83' lang='lat' dir='ltr'>illurn</span> <span class='ocrx_word' id='word_1_128' title='bbox 962 1905 1071 1972; x_wconf 82' lang='lat' dir='ltr'>ipsum,</span> <span class='ocrx_word' id='word_1_129' title='bbox 1091 1905 1140 1975; x_wconf 85' lang='lat' dir='ltr'>qni</span> <span class='ocrx_word' id='word_1_130' title='bbox 1154 1903 1268 1957; x_wconf 75' lang='lat' dir='ltr'>adulte·</span> 
     </span>
     <span class='ocr_line' id='line_1_16' title="bbox 79 1989 1267 2060; baseline 0.003 -17"><span class='ocrx_word' id='word_1_131' title='bbox 79 2016 87 2024; x_wconf 87' lang='lat'><strong>·</strong></span> <span class='ocrx_word' id='word_1_132' title='bbox 131 2048 158 2059; x_wconf 31' lang='lat'>¹,</span> <span class='ocrx_word' id='word_1_133' title='bbox 229 2000 348 2045; x_wconf 85' lang='lat' dir='ltr'>raverat</span> <span class='ocrx_word' id='word_1_134' title='bbox 368 1991 492 2058; x_wconf 84' lang='lat' dir='ltr'>librum,</span> <span class='ocrx_word' id='word_1_135' title='bbox 518 2007 609 2060; x_wconf 89' lang='lat' dir='ltr'>qnare</span> <span class='ocrx_word' id='word_1_136' title='bbox 624 1989 680 2042; x_wconf 87' lang='lat' dir='ltr'>hoc</span> <span class='ocrx_word' id='word_1_137' title='bbox 695 1991 826 2057; x_wconf 79' lang='lat' dir='ltr'>iecisset,</span> <span class='ocrx_word' id='word_1_138' title='bbox 850 1991 1267 2047; x_wconf 77' lang='lat' dir='ltr'>velutsetiesecienrrnilrire-</span> 
     </span>
     <span class='ocr_line' id='line_1_17' title="bbox 229 2077 1269 2150; baseline 0 -18"><span class='ocrx_word' id='word_1_139' title='bbox 229 2078 363 2148; x_wconf 83' lang='lat' dir='ltr'>spondit,</span> <span class='ocrx_word' id='word_1_140' title='bbox 380 2077 519 2147; x_wconf 78' lang='lat' dir='ltr'>quoniam</span> <span class='ocrx_word' id='word_1_141' title='bbox 531 2077 624 2146; x_wconf 75' lang='lat' dir='ltr'>magis</span> <span class='ocrx_word' id='word_1_142' title='bbox 638 2093 741 2128; x_wconf 79' lang='lat' dir='ltr'>ornere</span> <span class='ocrx_word' id='word_1_143' title='bbox 753 2078 829 2130; x_wconf 81' lang='lat' dir='ltr'>volni</span> <span class='ocrx_word' id='word_1_144' title='bbox 845 2077 1070 2146; x_wconf 82' lang='lat' dir='ltr'>disputationem</span> <span class='ocrx_word' id='word_1_145' title='bbox 1085 2080 1166 2134; x_wconf 85' lang='lat' dir='ltr'>illam</span> <span class='ocrx_word' id='word_1_146' title='bbox 1179 2089 1269 2150; x_wconf 79' lang='lat' dir='ltr'>atque</span> 
     </span>
     <span class='ocr_line' id='line_1_18' title="bbox 229 2163 1269 2237; baseline 0.001 -19"><span class='ocrx_word' id='word_1_147' title='bbox 229 2180 366 2236; x_wconf 80' lang='lat' dir='ltr'>purgare.</span> <span class='ocrx_word' id='word_1_148' title='bbox 402 2163 519 2228; x_wconf 80' lang='lat' dir='ltr'>Videte,</span> <span class='ocrx_word' id='word_1_149' title='bbox 543 2163 621 2231; x_wconf 85' lang='lat' dir='ltr'>qneli</span> <span class='ocrx_word' id='word_1_150' title='bbox 634 2164 804 2232; x_wconf 76' lang='lat' dir='ltr'>purgatione</span> <span class='ocrx_word' id='word_1_151' title='bbox 818 2163 1045 2231; x_wconf 73' lang='lat' dir='ltr'>disputationem</span> <span class='ocrx_word' id='word_1_152' title='bbox 1058 2168 1185 2221; x_wconf 68' lang='lat' dir='ltr'>neuram</span> <span class='ocrx_word' id='word_1_153' title='bbox 1197 2183 1269 2237; x_wconf 82' lang='lat' dir='ltr'>pru·-</span> 
     </span>
     <span class='ocr_line' id='line_1_19' title="bbox 228 2247 1270 2323; baseline 0.005 -21"><span class='ocrx_word' id='word_1_154' title='bbox 228 2252 325 2320; x_wconf 67' lang='lat' dir='ltr'>gavit,</span> <span class='ocrx_word' id='word_1_155' title='bbox 343 2247 396 2300; x_wconf 86' lang='lat' dir='ltr'>tali</span> <span class='ocrx_word' id='word_1_156' title='bbox 413 2264 535 2315; x_wconf 80' lang='lat' dir='ltr'>nempe,</span> <span class='ocrx_word' id='word_1_157' title='bbox 560 2248 641 2317; x_wconf 83' lang='lat' dir='ltr'>qneli</span> <span class='ocrx_word' id='word_1_158' title='bbox 661 2247 834 2316; x_wconf 72' lang='lat' dir='ltr'>purgatione</span> <span class='ocrx_word' id='word_1_159' title='bbox 848 2249 982 2302; x_wconf 76' lang='lat' dir='ltr'>Marcion</span> <span class='ocrx_word' id='word_1_160' title='bbox 996 2253 1145 2323; x_wconf 75' lang='lat' dir='ltr'>evangelie</span> <span class='ocrx_word' id='word_1_161' title='bbox 1160 2269 1270 2323; x_wconf 72' lang='lat' dir='ltr'>purge-</span> 
     </span>
     <span class='ocr_line' id='line_1_20' title="bbox 231 2333 1266 2408; baseline 0.006 -22"><span class='ocrx_word' id='word_1_162' title='bbox 231 2338 275 2388; x_wconf 79' lang='lat' dir='ltr'>vit</span> <span class='ocrx_word' id='word_1_163' title='bbox 296 2333 340 2385; x_wconf 83' lang='lat' dir='ltr'>vei</span> <span class='ocrx_word' id='word_1_164' title='bbox 363 2333 538 2401; x_wconf 75' lang='lat' dir='ltr'>apostolum,</span> <span class='ocrx_word' id='word_1_165' title='bbox 565 2333 609 2383; x_wconf 86' lang='lat' dir='ltr'>vel</span> <span class='ocrx_word' id='word_1_166' title='bbox 631 2333 709 2401; x_wconf 83' lang='lat' dir='ltr'>qneli</span> <span class='ocrx_word' id='word_1_167' title='bbox 729 2334 870 2386; x_wconf 86' lang='lat' dir='ltr'>successor</span> <span class='ocrx_word' id='word_1_168' title='bbox 887 2336 948 2399; x_wconf 80' lang='lat' dir='ltr'>eine</span> <span class='ocrx_word' id='word_1_169' title='bbox 961 2339 1021 2406; x_wconf 78' lang='lat' dir='ltr'>post</span> <span class='ocrx_word' id='word_1_170' title='bbox 1035 2339 1129 2408; x_wconf 85' lang='lat' dir='ltr'>ipsum</span> <span class='ocrx_word' id='word_1_171' title='bbox 1141 2339 1266 2408; x_wconf 79' lang='lat' dir='ltr'>Apellea.</span> 
     </span>
     <span class='ocr_line' id='line_1_21' title="bbox 228 2414 1268 2491; baseline 0.003 -17"><span class='ocrx_word' id='word_1_172' title='bbox 228 2423 305 2474; x_wconf 89' lang='lat' dir='ltr'>Nam</span> <span class='ocrx_word' id='word_1_173' title='bbox 322 2418 393 2469; x_wconf 85' lang='lat' dir='ltr'>sicut</span> <span class='ocrx_word' id='word_1_174' title='bbox 410 2414 454 2469; x_wconf 81' lang='lat' dir='ltr'>itti</span> <span class='ocrx_word' id='word_1_175' title='bbox 476 2417 676 2470; x_wconf 83' lang='lat' dir='ltr'>srtbverterunt</span> <span class='ocrx_word' id='word_1_176' title='bbox 697 2419 902 2486; x_wconf 81' lang='lat' dir='ltr'>scripturarum</span> <span class='ocrx_word' id='word_1_177' title='bbox 919 2423 1087 2491; x_wconf 82' lang='lat' dir='ltr'>veritatem,</span> <span class='ocrx_word' id='word_1_178' title='bbox 1110 2423 1150 2476; x_wconf 82' lang='lat' dir='ltr'>fic</span> <span class='ocrx_word' id='word_1_179' title='bbox 1171 2434 1201 2477; x_wconf 84' lang='lat' dir='ltr'>et</span> <span class='ocrx_word' id='word_1_180' title='bbox 1216 2424 1268 2477; x_wconf 81' lang='lat' dir='ltr'>ine</span> 
     </span>
     <span class='ocr_line' id='line_1_22' title="bbox 231 2503 1264 2574; baseline 0.005 -14"><span class='ocrx_word' id='word_1_181' title='bbox 231 2504 368 2569; x_wconf 70' lang='lat' dir='ltr'>sublatis,</span> <span class='ocrx_word' id='word_1_182' title='bbox 401 2521 475 2574; x_wconf 89' lang='lat' dir='ltr'>qnae</span> <span class='ocrx_word' id='word_1_183' title='bbox 496 2520 565 2556; x_wconf 85' lang='lat' dir='ltr'>vere</span> <span class='ocrx_word' id='word_1_184' title='bbox 587 2504 665 2556; x_wconf 84' lang='lat' dir='ltr'>dicta</span> <span class='ocrx_word' id='word_1_185' title='bbox 689 2506 770 2572; x_wconf 89' lang='lat' dir='ltr'>sunt,</span> <span class='ocrx_word' id='word_1_186' title='bbox 802 2503 838 2557; x_wconf 93' lang='lat' dir='ltr'>ob</span> <span class='ocrx_word' id='word_1_187' title='bbox 858 2507 943 2558; x_wconf 75' lang='lat' dir='ltr'>nostri</span> <span class='ocrx_word' id='word_1_188' title='bbox 963 2509 1199 2565; x_wconf 76' lang='lat' dir='ltr'>criminationem</span> <span class='ocrx_word' id='word_1_189' title='bbox 1218 2510 1264 2564; x_wconf 86' lang='lat' dir='ltr'>iu·</span> 
     </span>
     <span class='ocr_line' id='line_1_23' title="bbox 233 2588 1264 2665; baseline 0.001 -18"><span class='ocrx_word' id='word_1_190' title='bbox 233 2593 339 2658; x_wconf 84' lang='lat' dir='ltr'>seruit,</span> <span class='ocrx_word' id='word_1_191' title='bbox 357 2606 432 2660; x_wconf 86' lang='lat' dir='ltr'>qnae</span> <span class='ocrx_word' id='word_1_192' title='bbox 450 2588 524 2643; x_wconf 79' lang='lat' dir='ltr'>salsa</span> <span class='ocrx_word' id='word_1_193' title='bbox 537 2589 612 2643; x_wconf 88' lang='lat' dir='ltr'>sunt.</span> <span class='ocrx_word' id='word_1_194' title='bbox 655 2590 711 2642; x_wconf 88' lang='lat' dir='ltr'>Sed</span> <span class='ocrx_word' id='word_1_195' title='bbox 733 2591 803 2643; x_wconf 91' lang='lat' dir='ltr'>licet</span> <span class='ocrx_word' id='word_1_196' title='bbox 823 2591 955 2647; x_wconf 70' lang='lat' dir='ltr'>homines</span> <span class='ocrx_word' id='word_1_197' title='bbox 976 2595 1116 2650; x_wconf 85' lang='lat' dir='ltr'>haeretici</span> <span class='ocrx_word' id='word_1_198' title='bbox 1135 2606 1166 2650; x_wconf 83' lang='lat' dir='ltr'>et</span> <span class='ocrx_word' id='word_1_199' title='bbox 1183 2593 1264 2665; x_wconf 83' lang='lat' dir='ltr'>impii</span> 
     </span>
     <span class='ocr_line' id='line_1_24' title="bbox 231 2674 1264 2748; baseline 0.001 -16"><span class='ocrx_word' id='word_1_200' title='bbox 231 2679 303 2746; x_wconf 83' lang='lat' dir='ltr'>tint,</span> <span class='ocrx_word' id='word_1_201' title='bbox 323 2678 372 2748; x_wconf 87' lang='lat' dir='ltr'>qni</span> <span class='ocrx_word' id='word_1_202' title='bbox 386 2675 459 2727; x_wconf 80' lang='lat' dir='ltr'>haec</span> <span class='ocrx_word' id='word_1_203' title='bbox 474 2675 572 2727; x_wconf 80' lang='lat' dir='ltr'>facere</span> <span class='ocrx_word' id='word_1_204' title='bbox 584 2674 644 2728; x_wconf 82' lang='lat' dir='ltr'>nusi</span> <span class='ocrx_word' id='word_1_205' title='bbox 655 2677 738 2746; x_wconf 89' lang='lat' dir='ltr'>sunt,</span> <span class='ocrx_word' id='word_1_206' title='bbox 759 2686 857 2730; x_wconf 82' lang='lat' dir='ltr'>tamen</span> <span class='ocrx_word' id='word_1_207' title='bbox 877 2678 1025 2735; x_wconf 77' lang='lat' dir='ltr'>nabebunt</span> <span class='ocrx_word' id='word_1_208' title='bbox 1040 2690 1069 2735; x_wconf 88' lang='lat' dir='ltr'>et</span> <span class='ocrx_word' id='word_1_209' title='bbox 1080 2681 1124 2734; x_wconf 81' lang='lat' dir='ltr'>itti</span> <span class='ocrx_word' id='word_1_210' title='bbox 1140 2681 1264 2748; x_wconf 83' lang='lat' dir='ltr'>indicent</span> 
     </span>
     <span class='ocr_line' id='line_1_25' title="bbox 232 2761 1263 2831; baseline 0 -12"><span class='ocrx_word' id='word_1_211' title='bbox 232 2768 344 2829; x_wconf 88' lang='lat' dir='ltr'>Deum,</span> <span class='ocrx_word' id='word_1_212' title='bbox 374 2761 424 2831; x_wconf 89' lang='lat' dir='ltr'>qui</span> <span class='ocrx_word' id='word_1_213' title='bbox 447 2762 556 2814; x_wconf 74' lang='lat' dir='ltr'>talibus</span> <span class='ocrx_word' id='word_1_214' title='bbox 583 2763 733 2818; x_wconf 77' lang='lat' dir='ltr'>adversum</span> <span class='ocrx_word' id='word_1_215' title='bbox 757 2782 809 2816; x_wconf 79' lang='lat' dir='ltr'>noe</span> <span class='ocrx_word' id='word_1_216' title='bbox 828 2765 1079 2821; x_wconf 75' lang='lat' dir='ltr'>criminationibne</span> <span class='ocrx_word' id='word_1_217' title='bbox 1100 2783 1263 2821; x_wconf 85' lang='lat' dir='ltr'>accommo-</span> 
     </span>
     <span class='ocr_line' id='line_1_26' title="bbox 233 2849 1262 2919; baseline 0.002 -16"><span class='ocrx_word' id='word_1_218' title='bbox 233 2851 303 2903; x_wconf 89' lang='lat' dir='ltr'>dant</span> <span class='ocrx_word' id='word_1_219' title='bbox 318 2849 415 2902; x_wconf 86' lang='lat' dir='ltr'>fidem.</span> <span class='ocrx_word' id='word_1_220' title='bbox 457 2849 600 2901; x_wconf 74' lang='lat' dir='ltr'>Fecerunt</span> <span class='ocrx_word' id='word_1_221' title='bbox 619 2860 717 2903; x_wconf 87' lang='lat' dir='ltr'>autem</span> <span class='ocrx_word' id='word_1_222' title='bbox 735 2850 791 2903; x_wconf 90' lang='lat' dir='ltr'>hoc</span> <span class='ocrx_word' id='word_1_223' title='bbox 811 2862 840 2902; x_wconf 87' lang='lat' dir='ltr'>et</span> <span class='ocrx_word' id='word_1_224' title='bbox 857 2851 908 2904; x_wconf 89' lang='lat' dir='ltr'>aiii</span> <span class='ocrx_word' id='word_1_225' title='bbox 922 2852 1070 2919; x_wconf 85' lang='lat' dir='ltr'>nonnulii,</span> <span class='ocrx_word' id='word_1_226' title='bbox 1090 2854 1262 2909; x_wconf 73' lang='lat' dir='ltr'>conturbem</span> 
     </span>
     <span class='ocr_line' id='line_1_27' title="bbox 233 2930 1263 3011; baseline 0.004 -22"><span class='ocrx_word' id='word_1_227' title='bbox 233 2936 363 2990; x_wconf 80' lang='lat' dir='ltr'>volentes</span> <span class='ocrx_word' id='word_1_228' title='bbox 384 2932 526 2985; x_wconf 78' lang='lat' dir='ltr'>ecclesiae.</span> <span class='ocrx_word' id='word_1_229' title='bbox 574 2935 709 3006; x_wconf 86' lang='lat' dir='ltr'>Denique</span> <span class='ocrx_word' id='word_1_230' title='bbox 728 2938 759 2990; x_wconf 87' lang='lat' dir='ltr'>in</span> <span class='ocrx_word' id='word_1_231' title='bbox 784 2936 896 3007; x_wconf 82' lang='lat' dir='ltr'>Epheso</span> <span class='ocrx_word' id='word_1_232' title='bbox 915 2955 982 2991; x_wconf 89' lang='lat' dir='ltr'>cum</span> <span class='ocrx_word' id='word_1_233' title='bbox 1003 2930 1181 2995; x_wconf 64' lang='lat' dir='ltr'>vidisset&#39;me</span> <span class='ocrx_word' id='word_1_234' title='bbox 1203 2941 1263 3011; x_wconf 81' lang='lat' dir='ltr'>qni·</span> 
     </span>
     <span class='ocr_line' id='line_1_28' title="bbox 234 3017 1263 3094; baseline 0.006 -20"><span class='ocrx_word' id='word_1_235' title='bbox 234 3022 301 3074; x_wconf 87' lang='lat' dir='ltr'>dam</span> <span class='ocrx_word' id='word_1_236' title='bbox 318 3017 481 3072; x_wconf 85' lang='lat' dir='ltr'>haereticus</span> <span class='ocrx_word' id='word_1_237' title='bbox 503 3028 531 3070; x_wconf 90' lang='lat' dir='ltr'>et</span> <span class='ocrx_word' id='word_1_238' title='bbox 548 3021 684 3090; x_wconf 82' lang='lat' dir='ltr'>congredi</span> <span class='ocrx_word' id='word_1_239' title='bbox 705 3024 855 3090; x_wconf 81' lang='lat' dir='ltr'>noluisset,</span> <span class='ocrx_word' id='word_1_240' title='bbox 881 3041 974 3094; x_wconf 85' lang='lat' dir='ltr'>neque</span> <span class='ocrx_word' id='word_1_241' title='bbox 993 3024 1112 3078; x_wconf 87' lang='lat' dir='ltr'>omnino</span> <span class='ocrx_word' id='word_1_242' title='bbox 1135 3043 1168 3079; x_wconf 79' lang='lat' dir='ltr'>oa</span> <span class='ocrx_word' id='word_1_243' title='bbox 1185 3029 1263 3081; x_wconf 85' lang='lat' dir='ltr'>snum</span> 
     </span>
     <span class='ocr_line' id='line_1_29' title="bbox 232 3105 1262 3181; baseline 0.002 -21"><span class='ocrx_word' id='word_1_244' title='bbox 232 3107 386 3177; x_wconf 81' lang='lat' dir='ltr'>aperuisset</span> <span class='ocrx_word' id='word_1_245' title='bbox 401 3105 476 3174; x_wconf 89' lang='lat' dir='ltr'>apud</span> <span class='ocrx_word' id='word_1_246' title='bbox 489 3123 550 3172; x_wconf 93' lang='lat' dir='ltr'>me,</span> <span class='ocrx_word' id='word_1_247' title='bbox 578 3108 624 3160; x_wconf 87' lang='lat' dir='ltr'>sed</span> <span class='ocrx_word' id='word_1_248' title='bbox 641 3110 737 3162; x_wconf 87' lang='lat' dir='ltr'>nescio</span> <span class='ocrx_word' id='word_1_249' title='bbox 756 3127 813 3181; x_wconf 84' lang='lat' dir='ltr'>que</span> <span class='ocrx_word' id='word_1_250' title='bbox 835 3125 868 3160; x_wconf 88' lang='lat' dir='ltr'>ex</span> <span class='ocrx_word' id='word_1_251' title='bbox 886 3112 969 3164; x_wconf 84' lang='lat' dir='ltr'>censa</span> <span class='ocrx_word' id='word_1_252' title='bbox 986 3106 1019 3164; x_wconf 78' lang='lat' dir='ltr'>td&#39;</span> <span class='ocrx_word' id='word_1_253' title='bbox 1030 3112 1129 3164; x_wconf 80' lang='lat' dir='ltr'>secere</span> <span class='ocrx_word' id='word_1_254' title='bbox 1144 3112 1262 3179; x_wconf 77' lang='lat' dir='ltr'>vitasset,</span> 
     </span>
     <span class='ocr_line' id='line_1_30' title="bbox 232 3192 1262 3268; baseline 0.005 -23"><span class='ocrx_word' id='word_1_255' title='bbox 232 3194 331 3264; x_wconf 84' lang='lat' dir='ltr'>postea</span> <span class='ocrx_word' id='word_1_256' title='bbox 348 3209 382 3244; x_wconf 84' lang='lat' dir='ltr'>ex</span> <span class='ocrx_word' id='word_1_257' title='bbox 400 3192 517 3244; x_wconf 89' lang='lat' dir='ltr'>nomine</span> <span class='ocrx_word' id='word_1_258' title='bbox 538 3210 602 3246; x_wconf 90' lang='lat' dir='ltr'>mec</span> <span class='ocrx_word' id='word_1_259' title='bbox 627 3203 655 3246; x_wconf 91' lang='lat' dir='ltr'>et</span> <span class='ocrx_word' id='word_1_260' title='bbox 667 3196 716 3247; x_wconf 89' lang='lat' dir='ltr'>suo</span> <span class='ocrx_word' id='word_1_261' title='bbox 730 3197 895 3266; x_wconf 69' lang='lat' dir='ltr'>conscripsit</span> <span class='ocrx_word' id='word_1_262' title='bbox 908 3197 1025 3267; x_wconf 85' lang='lat' dir='ltr'>qualem</span> <span class='ocrx_word' id='word_1_263' title='bbox 1037 3197 1128 3250; x_wconf 86' lang='lat' dir='ltr'>voluit</span> <span class='ocrx_word' id='word_1_264' title='bbox 1141 3197 1262 3268; x_wconf 75' lang='lat' dir='ltr'>dieputa·</span> 
     </span>
     <span class='ocr_line' id='line_1_31' title="bbox 234 3279 1262 3354; baseline 0.003 -22"><span class='ocrx_word' id='word_1_265' title='bbox 234 3281 361 3347; x_wconf 89' lang='lat' dir='ltr'>tionem,</span> <span class='ocrx_word' id='word_1_266' title='bbox 384 3288 412 3331; x_wconf 88' lang='lat' dir='ltr'>et</span> <span class='ocrx_word' id='word_1_267' title='bbox 432 3279 508 3332; x_wconf 78' lang='lat' dir='ltr'>misit</span> <span class='ocrx_word' id='word_1_268' title='bbox 526 3281 564 3333; x_wconf 79' lang='lat' dir='ltr'>ed</span> <span class='ocrx_word' id='word_1_269' title='bbox 588 3281 740 3350; x_wconf 68' lang='lat' dir='ltr'>discipulo·</span> <span class='ocrx_word' id='word_1_270' title='bbox 760 3283 840 3350; x_wconf 75' lang='lat' dir='ltr'>snos,</span> <span class='ocrx_word' id='word_1_271' title='bbox 872 3293 904 3336; x_wconf 89' lang='lat' dir='ltr'>nt</span> <span class='ocrx_word' id='word_1_272' title='bbox 925 3300 977 3353; x_wconf 80' lang='lat' dir='ltr'>ego</span> <span class='ocrx_word' id='word_1_273' title='bbox 999 3281 1116 3353; x_wconf 79' lang='lat' dir='ltr'>quidem</span> <span class='ocrx_word' id='word_1_274' title='bbox 1137 3281 1262 3354; x_wconf 75' lang='lat' dir='ltr'>cognovi,</span> 
     </span>
     <span class='ocr_line' id='line_1_32' title="bbox 232 3346 1264 3439; baseline 0.003 -20"><span class='ocrx_word' id='word_1_275' title='bbox 232 3367 272 3419; x_wconf 77' lang='lat' dir='ltr'>ed</span> <span class='ocrx_word' id='word_1_276' title='bbox 285 3383 334 3418; x_wconf 79' lang='lat' dir='ltr'>coe</span> <span class='ocrx_word' id='word_1_277' title='bbox 349 3365 399 3436; x_wconf 85' lang='lat' dir='ltr'>qui</span> <span class='ocrx_word' id='word_1_278' title='bbox 413 3366 525 3419; x_wconf 82' lang='lat' dir='ltr'>Romae</span> <span class='ocrx_word' id='word_1_279' title='bbox 538 3377 638 3430; x_wconf 84' lang='lat' dir='ltr'>erant;</span> <span class='ocrx_word' id='word_1_280' title='bbox 655 3367 773 3420; x_wconf 87' lang='lat' dir='ltr'>sednon</span> <span class='ocrx_word' id='word_1_281' title='bbox 786 3367 906 3436; x_wconf 84' lang='lat' dir='ltr'>dubito,</span> <span class='ocrx_word' id='word_1_282' title='bbox 926 3369 996 3439; x_wconf 86' lang='lat' dir='ltr'>quin</span> <span class='ocrx_word' id='word_1_283' title='bbox 1009 3378 1039 3422; x_wconf 89' lang='lat' dir='ltr'>et</span> <span class='ocrx_word' id='word_1_284' title='bbox 1052 3346 1195 3436; x_wconf 47' lang='lat' dir='ltr'>asiatici,</span> <span class='ocrx_word' id='word_1_285' title='bbox 1217 3369 1264 3439; x_wconf 84' lang='lat' dir='ltr'>qni</span> 
     </span>
     <span class='ocr_line' id='line_1_33' title="bbox 234 3449 1265 3525; baseline 0.006 -23"><span class='ocrx_word' id='word_1_286' title='bbox 234 3466 288 3522; x_wconf 90' lang='lat' dir='ltr'>per</span> <span class='ocrx_word' id='word_1_287' title='bbox 303 3449 413 3505; x_wconf 72' lang='lat' dir='ltr'>diverse</span> <span class='ocrx_word' id='word_1_288' title='bbox 423 3453 500 3508; x_wconf 83' lang='lat' dir='ltr'>snut.</span> <span class='ocrx_word' id='word_1_289' title='bbox 534 3452 692 3507; x_wconf 85' lang='lat' dir='ltr'>insultabat</span> <span class='ocrx_word' id='word_1_290' title='bbox 704 3461 801 3505; x_wconf 86' lang='lat' dir='ltr'>antem</span> <span class='ocrx_word' id='word_1_291' title='bbox 814 3463 843 3506; x_wconf 92' lang='lat' dir='ltr'>et</span> <span class='ocrx_word' id='word_1_292' title='bbox 857 3456 933 3523; x_wconf 90' lang='lat' dir='ltr'>apud</span> <span class='ocrx_word' id='word_1_293' title='bbox 951 3453 1150 3522; x_wconf 78' lang='lat' dir='ltr'>Antiochiam,</span> <span class='ocrx_word' id='word_1_294' title='bbox 1170 3456 1265 3525; x_wconf 81' lang='lat' dir='ltr'>prine-</span> 
     </span>
     <span class='ocr_line' id='line_1_34' title="bbox 234 3536 1264 3609; baseline 0.006 -20"><span class='ocrx_word' id='word_1_295' title='bbox 234 3553 323 3607; x_wconf 83' lang='lat' dir='ltr'>quarn</span> <span class='ocrx_word' id='word_1_296' title='bbox 335 3551 387 3604; x_wconf 76' lang='lat' dir='ltr'>ego</span> <span class='ocrx_word' id='word_1_297' title='bbox 402 3536 473 3590; x_wconf 85' lang='lat' dir='ltr'>illuc</span> <span class='ocrx_word' id='word_1_298' title='bbox 484 3539 629 3607; x_wconf 71' lang='lat' dir='ltr'>venirem,</span> <span class='ocrx_word' id='word_1_299' title='bbox 655 3538 698 3592; x_wconf 81' lang='lat' dir='ltr'>ita</span> <span class='ocrx_word' id='word_1_300' title='bbox 718 3548 751 3592; x_wconf 91' lang='lat' dir='ltr'>ut</span> <span class='ocrx_word' id='word_1_301' title='bbox 769 3548 798 3591; x_wconf 88' lang='lat' dir='ltr'>et</span> <span class='ocrx_word' id='word_1_302' title='bbox 817 3539 853 3592; x_wconf 80' lang='lat' dir='ltr'>nd</span> <span class='ocrx_word' id='word_1_303' title='bbox 868 3540 1096 3609; x_wconf 70' lang='lat' dir='ltr'>quamplurimos</span> <span class='ocrx_word' id='word_1_304' title='bbox 1107 3540 1264 3595; x_wconf 80' lang='lat' dir='ltr'>nostrorum</span> 
     </span>
     <span class='ocr_line' id='line_1_35' title="bbox 233 3621 1265 3697; baseline 0.006 -22"><span class='ocrx_word' id='word_1_305' title='bbox 233 3621 398 3692; x_wconf 80' lang='lat' dir='ltr'>perveniret</span> <span class='ocrx_word' id='word_1_306' title='bbox 412 3623 472 3691; x_wconf 89' lang='lat' dir='ltr'>ipsa</span> <span class='ocrx_word' id='word_1_307' title='bbox 484 3623 655 3693; x_wconf 74' lang='lat' dir='ltr'>disputatio,</span> <span class='ocrx_word' id='word_1_308' title='bbox 676 3640 762 3697; x_wconf 84' lang='lat' dir='ltr'>quam</span> <span class='ocrx_word' id='word_1_309' title='bbox 775 3626 917 3695; x_wconf 77' lang='lat' dir='ltr'>portabat,</span> <span class='ocrx_word' id='word_1_310' title='bbox 953 3625 1009 3678; x_wconf 88' lang='lat' dir='ltr'>Sed</span> <span class='ocrx_word' id='word_1_311' title='bbox 1026 3626 1077 3679; x_wconf 87' lang='lat' dir='ltr'>nbi</span> <span class='ocrx_word' id='word_1_312' title='bbox 1090 3625 1178 3695; x_wconf 78' lang='lat' dir='ltr'>asini,</span> <span class='ocrx_word' id='word_1_313' title='bbox 1194 3626 1265 3681; x_wconf 84' lang='lat' dir='ltr'>mul·</span> 
     </span>
     <span class='ocr_line' id='line_1_36' title="bbox 235 3709 1266 3782; baseline 0.001 -21"><span class='ocrx_word' id='word_1_314' title='bbox 235 3709 275 3761; x_wconf 81' lang='lat' dir='ltr'>tir</span> <span class='ocrx_word' id='word_1_315' title='bbox 295 3722 360 3760; x_wconf 87' lang='lat' dir='ltr'>enm</span> <span class='ocrx_word' id='word_1_316' title='bbox 372 3709 567 3777; x_wconf 74' lang='lat' dir='ltr'>praesentibus</span> <span class='ocrx_word' id='word_1_317' title='bbox 581 3711 678 3781; x_wconf 80' lang='lat' dir='ltr'>argui,</span> <span class='ocrx_word' id='word_1_318' title='bbox 708 3728 832 3782; x_wconf 81' lang='lat' dir='ltr'>cumque</span> <span class='ocrx_word' id='word_1_319' title='bbox 852 3712 913 3776; x_wconf 86' lang='lat' dir='ltr'>jam</span> <span class='ocrx_word' id='word_1_320' title='bbox 931 3711 989 3764; x_wconf 87' lang='lat' dir='ltr'>fine</span> <span class='ocrx_word' id='word_1_321' title='bbox 1003 3710 1062 3764; x_wconf 93' lang='lat' dir='ltr'>nllo</span> <span class='ocrx_word' id='word_1_322' title='bbox 1078 3712 1266 3782; x_wconf 82' lang='lat' dir='ltr'>pudoreper·</span> 
     </span>
     <span class='ocr_line' id='line_1_37' title="bbox 233 3794 1266 3867; baseline 0.001 -19"><span class='ocrx_word' id='word_1_323' title='bbox 233 3794 367 3848; x_wconf 79' lang='lat' dir='ltr'>tenderet</span> <span class='ocrx_word' id='word_1_324' title='bbox 386 3795 571 3865; x_wconf 86' lang='lat' dir='ltr'>impudenter</span> <span class='ocrx_word' id='word_1_325' title='bbox 591 3798 714 3849; x_wconf 78' lang='lat' dir='ltr'>asserere</span> <span class='ocrx_word' id='word_1_326' title='bbox 736 3797 911 3864; x_wconf 80' lang='lat' dir='ltr'>salsitatem,</span> <span class='ocrx_word' id='word_1_327' title='bbox 941 3799 1059 3867; x_wconf 90' lang='lat' dir='ltr'>poposci</span> <span class='ocrx_word' id='word_1_328' title='bbox 1074 3807 1107 3850; x_wconf 90' lang='lat' dir='ltr'>ut</span> <span class='ocrx_word' id='word_1_329' title='bbox 1126 3799 1200 3850; x_wconf 84' lang='lat' dir='ltr'>liber</span> <span class='ocrx_word' id='word_1_330' title='bbox 1218 3795 1266 3848; x_wconf 89' lang='lat' dir='ltr'>de·</span> 
     </span>
     <span class='ocr_line' id='line_1_38' title="bbox 233 3881 1265 3952; baseline 0.002 -18"><span class='ocrx_word' id='word_1_331' title='bbox 233 3882 362 3935; x_wconf 75' lang='lat' dir='ltr'>ferreum</span> <span class='ocrx_word' id='word_1_332' title='bbox 380 3881 411 3934; x_wconf 82' lang='lat' dir='ltr'>in</span> <span class='ocrx_word' id='word_1_333' title='bbox 433 3882 578 3950; x_wconf 84' lang='lat' dir='ltr'>medinm,</span> <span class='ocrx_word' id='word_1_334' title='bbox 606 3891 636 3935; x_wconf 91' lang='lat' dir='ltr'>et</span> <span class='ocrx_word' id='word_1_335' title='bbox 652 3883 738 3951; x_wconf 73' lang='lat' dir='ltr'>stylus</span> <span class='ocrx_word' id='word_1_336' title='bbox 758 3900 839 3936; x_wconf 82' lang='lat' dir='ltr'>meur</span> <span class='ocrx_word' id='word_1_337' title='bbox 858 3885 1061 3952; x_wconf 75' lang='lat' dir='ltr'>agnosceretur</span> <span class='ocrx_word' id='word_1_338' title='bbox 1082 3901 1099 3936; x_wconf 84' lang='lat' dir='ltr'>a</span> <span class='ocrx_word' id='word_1_339' title='bbox 1117 3883 1265 3950; x_wconf 69' lang='lat' dir='ltr'>fratribus,</span> 
     </span>
     <span class='ocr_line' id='line_1_39' title="bbox 235 3969 1267 4041; baseline 0 -19"><span class='ocrx_word' id='word_1_340' title='bbox 235 3969 287 4040; x_wconf 81' lang='lat' dir='ltr'>qni</span> <span class='ocrx_word' id='word_1_341' title='bbox 297 3969 398 4038; x_wconf 87' lang='lat' dir='ltr'>ntique</span> <span class='ocrx_word' id='word_1_342' title='bbox 410 3972 601 4038; x_wconf 83' lang='lat' dir='ltr'>cognoscunt,</span> <span class='ocrx_word' id='word_1_343' title='bbox 620 3986 693 4038; x_wconf 83' lang='lat' dir='ltr'>quae</span> <span class='ocrx_word' id='word_1_344' title='bbox 707 3969 782 4022; x_wconf 87' lang='lat' dir='ltr'>soleo</span> <span class='ocrx_word' id='word_1_345' title='bbox 797 3969 959 4038; x_wconf 71' lang='lat' dir='ltr'>disputare,</span> <span class='ocrx_word' id='word_1_346' title='bbox 984 3971 1030 4022; x_wconf 87' lang='lat' dir='ltr'>vet</span> <span class='ocrx_word' id='word_1_347' title='bbox 1042 3971 1122 4041; x_wconf 80' lang='lat' dir='ltr'>quoii</span> <span class='ocrx_word' id='word_1_348' title='bbox 1134 3971 1210 4024; x_wconf 85' lang='lat' dir='ltr'>soleo</span> <span class='ocrx_word' id='word_1_349' title='bbox 1223 3970 1267 4022; x_wconf 87' lang='lat' dir='ltr'>nti</span> 
     </span>
     <span class='ocr_line' id='line_1_40' title="bbox 236 4054 1268 4138; baseline 0.003 -31"><span class='ocrx_word' id='word_1_350' title='bbox 236 4055 380 4108; x_wconf 85' lang='lat' dir='ltr'>doctrina.</span> <span class='ocrx_word' id='word_1_351' title='bbox 415 4055 472 4126; x_wconf 85' lang='lat' dir='ltr'>Qui</span> <span class='ocrx_word' id='word_1_352' title='bbox 483 4072 549 4138; x_wconf 66' lang='lat' dir='ltr'>cupn</span> <span class='ocrx_word' id='word_1_353' title='bbox 566 4056 647 4109; x_wconf 75' lang='lat' dir='ltr'>ausui</span> <span class='ocrx_word' id='word_1_354' title='bbox 661 4073 720 4107; x_wconf 90' lang='lat' dir='ltr'>non</span> <span class='ocrx_word' id='word_1_355' title='bbox 738 4057 809 4108; x_wconf 75' lang='lat' dir='ltr'>esset</span> <span class='ocrx_word' id='word_1_356' title='bbox 819 4055 950 4124; x_wconf 85' lang='lat' dir='ltr'>proferre</span> <span class='ocrx_word' id='word_1_357' title='bbox 965 4056 1090 4124; x_wconf 88' lang='lat' dir='ltr'>librum,</span> <span class='ocrx_word' id='word_1_358' title='bbox 1119 4054 1268 4110; x_wconf 65' lang='lat' dir='ltr'>convictus</span> 
     </span>
     <span class='ocr_line' id='line_1_41' title="bbox 233 4141 1267 4213; baseline 0.005 -19"><span class='ocrx_word' id='word_1_359' title='bbox 233 4142 271 4194; x_wconf 80' lang='lat' dir='ltr'>eb</span> <span class='ocrx_word' id='word_1_360' title='bbox 284 4143 418 4196; x_wconf 71' lang='lat' dir='ltr'>omnihus</span> <span class='ocrx_word' id='word_1_361' title='bbox 429 4150 459 4193; x_wconf 87' lang='lat' dir='ltr'>et</span> <span class='ocrx_word' id='word_1_362' title='bbox 472 4142 637 4194; x_wconf 81' lang='lat' dir='ltr'>confutetur</span> <span class='ocrx_word' id='word_1_363' title='bbox 650 4142 688 4193; x_wconf 82' lang='lat' dir='ltr'>est</span> <span class='ocrx_word' id='word_1_364' title='bbox 701 4141 848 4208; x_wconf 76' lang='lat' dir='ltr'>salsitatis,</span> <span class='ocrx_word' id='word_1_365' title='bbox 870 4142 951 4194; x_wconf 82' lang='lat' dir='ltr'>etita</span> <span class='ocrx_word' id='word_1_366' title='bbox 967 4144 1133 4213; x_wconf 76' lang='lat' dir='ltr'>persuasum</span> <span class='ocrx_word' id='word_1_367' title='bbox 1151 4146 1190 4198; x_wconf 85' lang='lat' dir='ltr'>en</span> <span class='ocrx_word' id='word_1_368' title='bbox 1207 4145 1267 4199; x_wconf 80' lang='lat' dir='ltr'>na·</span> 
     </span>
     <span class='ocr_line' id='line_1_42' title="bbox 180 4224 992 4300; baseline 0.003 -19"><span class='ocrx_word' id='word_1_369' title='bbox 180 4232 187 4241; x_wconf 92' lang='lat'>&#39;</span> <span class='ocrx_word' id='word_1_370' title='bbox 233 4224 342 4300; x_wconf 70' lang='lat' dir='ltr'>uisne,</span> <span class='ocrx_word' id='word_1_371' title='bbox 356 4242 507 4284; x_wconf 85' lang='lat' dir='ltr'>neaurern</span> <span class='ocrx_word' id='word_1_372' title='bbox 520 4226 770 4283; x_wconf 69' lang='lat' dir='ltr'>criminationibus</span> <span class='ocrx_word' id='word_1_373' title='bbox 783 4227 992 4300; x_wconf 76' lang='lat' dir='ltr'>praeberent.”</span> 
     </span>
    </p>
   </div>
   <div class='ocr_carea' id='block_1_4' title="bbox 0 0 1301 4770">
    <p class='ocr_par' dir='ltr' id='par_1_7' title="bbox 0 0 1301 4770">
     <span class='ocr_line' id='line_1_43' title="bbox 0 0 1301 4770; baseline 0 0"><span class='ocrx_word' id='word_1_374' title='bbox 0 0 1301 4770; x_wconf 95' lang='lat' dir='ltr'> </span> 
     </span>
    </p>
   </div>
  </div>
 </body>
</html>
