2572 4770
66 261 69 265 .
253 224 266 275 ·,
283 207 440 276 Clemens
465 207 611 300 (Auges.
628 220 662 275 et
675 166 916 299 Daemones).
1096 168 1169 281 sss

52 402 87 471 7,
101 399 182 468 5883
203 386 399 453 continentia
409 399 523 453 'antem
537 390 695 474 (humana
706 388 838 472 scilicet)
848 386 1024 468 Clementi,
1043 386 1093 451 uti
1104 386 1172 475 ipsa

51 494 87 556 h.
101 493 127 557 l.
146 489 241 569 dicit,
271 493 316 552 est
335 488 533 576 „pecuniam
556 487 732 576 despicere,
763 493 979 577 voluptatem,
1004 490 1172 576 possessio-

52 614 150 670 nem,
177 592 392 677 spectaculum
409 601 579 671 magnoiet
599 593 724 653 excelso
749 594 856 661 animo
882 603 1106 669 contemnere,
1134 610 1172 654 oa

54 694 230 770 continere,
243 693 365 755 ratione
380 713 460 777 quae
475 693 546 752 sunt
557 693 641 753 mala
654 692 817 775 vincere'’)
831 694 884 755 vel
898 703 1027 778 propter
1039 693 1175 754 abusum

54 794 282 858 liberi-arbitrii
297 793 373 871 (Str.
383 792 458 870 VII,
472 805 501 869 7,
518 801 595 858 8592
622 781 721 859 Οἶδεν
734 790 797 881 γὰρ
811 791 868 857 καὶ
879 793 944 856 τῶν
957 783 1103 875 ἀγγέλων
1114 810 1172 856 τι*

58 891 120 972 νὰς
136 883 204 959 bat
221 888 399 979 ’ῥᾳθυμίας
421 883 668 977 όλισθὴσαντας
686 884 790 971 αὖθις
806 893 927 976 χαμαὶ,
953 888 1096 979 μηδέπω
1111 889 1172 957 ss«
1241 962 1244 967 ,

59 994 137 1060 taor
156 989 207 1070 eiu
224 989 285 1078 τὴν
302 989 384 1073 μίαν
402 988 527 1077 ἐκείνην
543 989 611 1069 ἕξιν
628 990 664 1058 ἐκ
678 996 738 1083 τῆς
751 989 801 1070 εἷς
818 989 880 1079 τήν
891 987 1036 1082 διπλόην
1049 988 1173 1080 ἐπιτη-

57 1088 233 1184 δειότητος
245 1089 476 1176 sublimamus
489 1085 638 1170 ἑαυτούς.
682 1095 732 1162 Cf.
750 1096 812 1160 Str.
826 1095 902 1174 Vll,
918 1108 949 1174 2,
970 1103 1048 1162 net:
1077 1094 1174 1176 „Qui

56 1200 132 1263 sunt
150 1197 231 1259 mali
256 1217 299 1258 ex
323 1197 560 1277 imbecillitate,
594 1220 668 1263 cum
695 1220 754 1286 per
779 1199 928 1279 injustam
951 1197 1189 1267 insatiabilita-,
1261 1214 1269 1225 ⁴

58 1311 127 1388 tem
148 1299 183 1360 in
202 1298 326 1360 malum
345 1299 490 1361 habitum
510 1297 700 1379 inciderint,
727 1323 800 1364 curn
818 1322 877 1363 nec
891 1303 922 1363 se
937 1310 1086 1379 teneant,
1108 1319 1175 1362 ne-

60 1423 123 1488 que
138 1402 178 1465 ab
190 1400 253 1461 alio
268 1411 453 1479 teneantur,
483 1399 708 1465 circumfluunt
727 1403 906 1465 circumacti
921 1398 1176 1486 perturbationi-

58 1504 139 1580 bua,
153 1500 309 1585 humique
322 1499 531 1581 decidunu’),
554 1503 653 1564 altera
669 1505 725 1583 (cf.
735 1501 847 1567 Genes.
863 1499 923 1580 VI,
939 1514 958 1568 2
974 1498 1088 1580 LXX)
1104 1499 1176 1585 post

59 1603 232 1667 hominurn
251 1602 373 1685 lapsum
389 1602 563 1665 mulierum
584 1605 799 1667 humanarum
817 1624 926 1666 amore
951 1601 1034 1686 capti
1061 1596 1174 1679 (Paeo,

59 1703 121 1781 111,
135 1716 166 1782 2,
181 1716 260 1769 260:
286 1693 328 1765 Oi
343 1690 491 1785 όὶγγελοι,
513 1705 575 1768 τοῦ
590 1703 677 1780 θεοῦ
694 1700 733 1769 τὸ
750 1696 873 1778 κάλλος
891 1691 1177 1780 καταλελοιπότας

61 1799 173 1869 διὰτὸ
188 1797 310 1876 κάλλος
321 1797 582 1886 μαραινόμενον,
611 1804 668 1868 καί
688 1804 850 1869 τοσοῦτον
869 1799 907 1879 ἐξ
919 1796 1066 1888 οὐρανῶν
1081 1792 1176 1866 ἄπο-

61 1897 223 1979 πεσόντες
232 1897 354 1984 χαμαί·
378 1903 439 1967 Str.
448 1906 490 1983 V,
508 1920 534 1983 1,
550 1910 636 1986 650).
670 1905 897 1968 Daemones
919 1902 967 1986 (id
981 1904 1069 1967 enirn
1082 1925 1178 1968 com-

60 2027 161 2071 mune
178 2006 318 2091 ipsorum
341 2026 460 2070 nomen
481 2009 526 2069 est
546 2005 607 2075 Str.
623 2007 665 2085 V,
684 2015 733 2085 14,
749 2019 827 2085 701,
856 2003 1018 2090 nequead
1034 2006 1178 2068 solosli-

62 2110 157 2171 beros
169 2106 245 2171 illos
257 2103 384 2183 recidit,
413 2126 493 2191 quos
512 2110 551 2170 ab
573 2109 694 2188 angelis
712 2107 806 2195 lapsis
819 2127 838 2168 e
852 2106 1041 2168 mulieribus
1056 2106 1179 2173 hirma-

62 2210 112 2272 nis
128 2207 254 2288 genitos
267 2209 333 2268 esse
343 2206 544 2270 Clementem
559 2207 671 2275 dixisse
685 2210 784 2271 refert
795 2207 927 2271 Photius
941 2204 1087 2269 biblioth.
1105 2203 1178 2273 cod.

64 2307 151 2375 CIX.
179 2330 211 2393 p.
227 2317 288 2374 285
302 2305 353 2371 ed.
368 2306 539 2371 bolbona:
568 2303 770 2392 Μίγννσθαί
785 2328 822 2373 τε
842 2303 922 2388 τούς
939 2297 1099 2392 ἀγγέλους
1115 2326 1180 2390 yu-

62 2404 169 2485 ταιξὶ,
198 2405 256 2471 καὶ
273 2405 492 2474 παιδοποιεῖν
510 2403 548 2486 ἐξ
559 2400 669 2489 αὐτῶν
680 2402 922 2495 ὀνειροπολεῖ),
944 2410 1086 2494 quicum
1098 2431 1180 2472 mu-

62 2511 195 2574 lieribus
206 2528 276 2571 rem
288 2509 447 2588 habuere,
465 2509 675 2596 prodiderunt
689 2515 806 2575 secreta
819 2513 866 2574 eis
879 2510 1027 2572 coelestia
1043 2509 1121 2590 (Str.
1134 2508 1180 2595 V,

67 2627 95 2691 1,
111 2621 195 2678 66οι
224 2608 371 2688 „Angeli
391 2610 458 2688 ills,
485 2612 602 2696 quibus
622 2616 758 2700 superna
778 2616 843 2677 sora
863 2614 1034 2694 obtigerat,
1060 2610 1182 2699 delapsi
1221 2610 1226 2627 “

65 2713 104 2780 ad
119 2714 322 2797 voluptatea,
343 2711 554 2774 enuntiarunt
568 2733 681 2777 arcana
692 2702 900 2793 mulie'ribus,
923 2727 956 2775 et
973 2732 1183 2798 quaecunque

66 2816 105 2880 ad
118 2834 236 2879 eorum
247 2823 409 2874 venerunt
425 2813 659 2892 cognitionem,
687 2827 762 2877 cu'm
782 2815 836 2877 alii
855 2816 993 2877 celarent
1005 2815 1112 2894 angeli
1121 2815 1184 2887 ,vel

66 2918 172 3006 potios
184 2916 381 2977 reservarent
396 2910 431 2974 in
450 2910 625 2977 adventurn
646 2913 820 2997 dominv’).
868 2915 1026 2981 Omnium
1044 2914 1184 2985 daemo-

67 3039 145 3082 nnm
163 3017 311 3104 princeps
333 3013 379 3075 est
402 3009 594 3077 'diabolus
622 3012 700 3093 (Str.
719 3017 763 3097 V,
787 3024 836 3095 14,
857 3020 946 3083 701:'
975 3007 1043 3079 Τόν
1060 3037 1097 3082 τε
1114 3007 1185 3085 ὖπδ

69 3118 126 3203 τῆς
142 3107 562 3201 βαρβάρονφιλοσοφίαδ
569 3106 820 3197 θρνλλοόμοναν
839 3111 1015 3197 διάβολον,
1041 3112 1101 3185 τόν
1118 3116 1186 3187 τῶν
1265 3148 1273 3155 ·

72 3214 238 3301 δαιμόνων
263 3203 424 3297 ἄρχοντα,
460 3213 641 3300 κακοεργὸν
664 3204 750 3279 εἶναι
772 3212 899 3302 ψυχὴν,
929 3213 964 3282 ἐν
986 3219 1035 3306 cpi
1054 3214 1185 3305 δεκάτῳ

73 3320 135 3385 τῶν
150 3312 263 3399 νόμων
284 3305 303 3380 ό
319 3308 464 3378 Πλάτων
483 3312 603 3400 λέγει),
634 3317 780 3402 illudque
794 3319 914 3379 sacrum
933 3322 1105 3402 collegium
1116 3323 1187 3383 im.

75 3422 246 3506 primisque
267 3415 414 3479 diabolus
434 3417 504 3502 (qui
518 3420 686 3504 saperetim
703 3419 869 3504 prophetis
890 3419 1186 3508 pseudoprophetae
1233 3454 1236 3459 ’

80 3520 224 3584 'admiscet
245 3517 308 3581 Str.
323 3516 351 3595 1,
369 3530 417 3593 17,
432 3522 509 3597 868)
530 3521 696 3598 homines,
716 3520 1107 3607 acceptissimisdeceptos
1127 3540 1185 3584 eoa

82 3623 203 3707 quidem
226 3619 321 3683 donia
340 3619 511 3704 impertitis
538 3621 683 3698 (Cohort.
706 3627 735 3703 t,
760 3632 817 3687 52:
848 3620 962 3704 „Magi
982 3625 1098 3699 etiam,
1128 3619 1187 3707 qui

84 3719 269 3787 daemonum
291 3719 464 3782 ministerio
484 3723 515 3781 se
535 3720 721 3803 venditant,
743 3722 862 3809 quippe
877 3724 933 3808 qni
947 3724 1050 3785 enain
1065 3741 1189 3784 nurne-

87 3825 366 3889 confamulorum
391 3822 520 3882 suorum
549 3820 765 3909 adscripserint
789 3838 822 3888 et
847 3820 1195 3906 accersitam-quadam.

71 3940 74 3949 ·
90 3920 203 3989 adactos
220 3923 415 3988 carminibus
436 3924 500 3985 suis
519 3926 624 3988 servos
645 3925 823 4006 fecerint;”
854 3930 892 3989 cf.
908 3924 1058 4009 Prophet.
1083 3920 1185 4007 eclog.

50 4096 53 4101 ¹
90 4020 169 4102 lta.
189 4046 222 4111 p.
240 4037 341 4102 τοοκ,
363 4025 419 4088 ubi
431 4025 603 4088 chocum
616 4023 766 4090 Clemens
780 4025 891 4090 laudat
910 4025 1088 4107 dicentem,
1107 4021 1190 4107 solta

92 4118 295 4210 'tevestinae
310 4115 470 4214 ἀγγέλους
486 4117 622 4205 διδάξαι
639 4121 720 4212 roric
734 4118 938 4214 ἀνθρώπους
948 4194 953 4204 ,
963 4117 1189 4218 ἀστρονομίαν
