2572 4770
137 284 186 353 a,
441 222 615 362 capri.
656 208 939 337 flammea.

133 470 240 543 poeta·
262 439 427 532 θαυμάζω
440 444 479 516 dd
488 446 632 532 pinet,
653 438 765 532 ὅτιμῆ
780 434 949 512 eolaldor.
989 439 1146 523 Videtur,
1170 462 1247 507 cum

134 552 270 637 origeni
285 556 417 641 ejueqne
431 549 588 634 dogmatia
604 546 699 612 valde
714 548 826 611 favisse
846 545 969 611 dicatur
981 565 1001 609 a
1015 544 1176 611 Photioin
1191 546 1248 608 bi-

132 656 292 723 bliotlreca
306 648 376 717 cod.
389 648 524 717 cxvll
543 672 575 736 p
590 662 650 718 293
661 648 711 714 ed
720 649 888 714 Hoeschel.
897 646 1049 712 Rothom.
1058 667 1079 710 e
1090 647 1248 710 sententia

131 756 271 825 auctoris
290 772 444 836 anonym
432 750 627 870 apologiae
644 748 809 831 cujusdam
823 770 881 836 pro
896 748 1038 830 Origene
1049 748 1103 811 hia
1117 748 1247 811 moia.

128 849 173 924 ,0
188 855 251 923 eoi
262 844 516 942 συγγράμματος
527 841 641 938 πατηρ
654 843 824 937 μάριιιρας
838 839 925 935 ὑπὲρ
934 841 1122 936 Ὠριγένοιις
1135 868 1175 913 ea
1188 847 1247 913 καὶ

133 954 201 1025 eor
213 950 317 1023 αὐτου
300 945 501 1041 ’δογμάτων
513 945 694 1016 Διονύσιον
709 943 963 1038 προκομίζει
925 970 984 1013 τον
993 940 1248 1036 Ἀλεξανδρείας

133 1070 233 1149 atqu.
248 1060 309 1145 sq.,
335 1053 559 1136 allegoriarum
577 1050 717 1115 studium
736 1072 801 1115 non
822 1051 953 1115 omnino
976 1046 1182 1137 improbasse,
1208 1049 1246 1114 id

102 1171 107 1180 ‘
133 1158 275 1250 quodeo
297 1155 522 1233 confirmatur,
548 1150 635 1239 qood
653 1154 720 1240 ipse
743 1150 996 1238 contraNepotia
1017 1144 1152 1237 Danae
1169 1143 1247 1217 ds.

124 1253 397 1351 dqyopaoeoir
418 1255 492 1318 suoa
510 1250 552 1316 de
571 1254 827 1339 promissionibus
848 1254 946 1317 libroe
968 1252 1108 1339 scripsit.
1143 1252 1246 1319 Prae-

135 1374 223 1429 tarea
234 1375 387 1440 magnum
401 1353 670 1439 interpretationis
680 1356 810 1418 moralia
823 1352 970 1436 Dionysii
984 1351 1125 1418 studium
1137 1354 1246 1441 pluri-

79 1480 84 1486 ·
134 1464 198 1531 bue
212 1480 255 1524 ex
266 1455 425 1543 exemplia
436 1455 475 1518 fit
488 1454 698 1541 perspicuum.
747 1453 797 1519 Ita
816 1476 881 1518 non
895 1458 997 1520 solum
1012 1455 1162 1519 historiae
1174 1451 1247 1519 lobi

133 1548 265 1645 (fragm
286 1579 307 1622 e
322 1557 435 1623 Nicata
447 1555 507 1619 ll.
524 1577 556 1643 p.
574 1563 635 1621 eet
649 1557 731 1642 sqq.)
751 1559 912 1642 praeclare
932 1556 1089 1623 moralem
1110 1557 1247 1621 senten-

134 1664 215 1729 tiam
227 1660 381 1738 illustrat,
413 1675 529 1720 rerum
548 1656 646 1719 esiam
658 1657 693 1718 in
709 1657 839 1743 epistola
853 1659 1004 1723 canonica
1018 1656 1059 1722 ad
1070 1657 1247 1725 Bomitae

131 1776 187 1854 ap.
200 1760 322 1828 Routh.
336 1756 379 1823 Π.
393 1778 425 1844 p:
441 1766 502 1823 390
519 1776 592 1835 eoa,
619 1757 674 1842 qni
687 1755 727 1819 ad
744 1770 887 1845 quartam
901 1776 1006 1848 usqne
1014 1760 1159 1843 vigiliam
1171 1762 1247 1825 sor-

132 1866 210 1931 titer
223 1862 418 1939 abetineant,
440 1877 481 1921 eo
495 1858 626 1923 nomine
639 1857 768 1940 laudat,
795 1859 883 1947 quod
897 1859 1012 1924 eadem
1023 1861 1133 1942 vigilia
1144 1861 1245 1929 etiam

132 1966 274 2031 serrator
296 1961 401 2023 noller
413 1959 456 2021 'in
475 1958 557 2021 mari
575 1962 742 2024 ambulans
758 1961 976 2042 navigantibus
989 1963 1191 2051 apparuerit,
1211 1977 1245 2027 et

131 2063 212 2136 ibid.
225 2087 258 2153 p.
273 2074 335 2131 392
351 2059 504 2125 mulieres
515 2061 634 2146 sperat,
658 2083 739 2148 quae
752 2064 814 2126 sint
827 2063 863 2125 in
877 2064 1014 2127 abscessu
1026 2110 1034 2143 ,
1056 2065 1100 2127 sic
1116 2063 1246 2129 effectae

133 2164 269 2232 domum
283 2161 347 2227 Dei
364 2163 552 2242 ingressurae
574 2182 640 2224 non
662 2164 743 2241 esse,
770 2163 939 2249 quoniam,
960 2185 1043 2251 qaae
1055 2162 1125 2230 XII
1137 2185 1247 2229 anno-

131 2274 208 2332 'ium
219 2265 347 2329 fluxum
358 2264 444 2351 passa
456 2262 510 2339 fit,
537 2282 602 2323 non
616 2263 718 2348 ipsum
734 2260 903 2329 dominum
913 2267 1064 2333 festinam
1076 2264 1119 2330 ad
1133 2264 1246 2333 medi-

134 2366 241 2433 cinam
255 2362 410 2445 tetigerit,
431 2359 485 2427 sed
496 2361 595 2426 solam
608 2365 677 2441 ejus
691 2362 859 2428 fimbriam.

618 2560 769 2609 Plenius

72 2729 75 2733 .
180 2716 183 2721 -
217 2665 374 2733 Eusebius
385 2665 418 2730 ir.
431 2686 460 2730 e.
474 2661 550 2744 VII,
566 2675 605 2731 tt
615 2662 757 2729 Pierium
773 2664 849 2730 dicit
860 2667 895 2730 in
908 2671 1064 2734 sacrarum
1077 2671 1247 2739 literanum

133 2768 405 2856 contemplatione
430 2777 527 2851 atque
549 2767 747 2851 expositione
772 2770 861 2846 (ταῖς
882 2769 964 2855 napi
985 2767 1029 2835 ed
1046 2771 1131 2837 eata
1148 2775 1247 2840 dece·

128 2865 227 2961 glute
248 2867 305 2935 not
326 2858 517 2953 ἕξηγήσισι)
539 2868 764 2951 exercitatum
792 2867 848 2931 sed
864 2865 1013 2955 decipio,
1040 2888 1113 2938 cum
1129 2873 1174 2939 de
1186 2877 1245 2939 in-

134 2971 361 3061 terpretatione
373 2969 527 3029 librorum
540 2969 699 3032 sacrorum
710 2974 812 3033 sermo
825 2972 886 3050 est,
907 2970 994 3058 apud
1007 2973 1176 3060 scriptores
1188 2994 1246 3039 eo-

128 3073 318 3140 ulesiasticoa
338 3068 409 3132 satia
425 3070 609 3154 frequenter
631 3083 721 3135 notat
739 3072 844 3135 sensoa
864 3073 986 3153 mystici
1003 3072 1246 3156 indagationem

130 3179 189 3259 (cs.
210 3172 323 3240 Isidori
336 3168 515 3234 Pelusiotae
529 3171 583 3232 lib.
596 3166 655 3234 IV.
676 3172 763 3258 epist.
782 3184 851 3238 117.
875 3194 907 3259 p.
925 3183 963 3239 58
983 3172 1034 3238 ed.
1052 3172 1244 3242 Ritterelrus.

136 3287 228 3347 1605.
242 3273 336 3338 Tom.
343 3270 386 3336 11.
402 3283 435 3335 et
442 3270 565 3335 Soiceri
577 3271 713 3337 thesaur.
730 3273 834 3353 eccl).
861 3273 1000 3339 Videtur
1011 3277 1244 3358 igiturl‘ieriua
1274 3346 1281 3363 .

131 3375 296 3467 origenis,
312 3376 402 3452 cujus
415 3370 512 3435 etiam
525 3390 645 3435 nomen
656 3376 794 3457 gerallus,
808 3376 978 3463 praecipue
986 3378 1243 3468 interpretationi

131 3476 322 3562 adagoricae
335 3492 468 3559 operam
484 3469 612 3537 dedisse.

473 3670 663 3722 PBTRUS
687 3673 858 3724 manum.

216 3777 413 3847 'sunitarum
445 3775 636 3841 scortearurn
669 3778 869 3867 aliarumque
898 3798 1007 3843 rernm
1023 3780 1240 3870 quarundam

122 3878 269 3972 paradisi
289 3876 506 3960 allegoricae
485 3868 748 3965 interpretationi
769 3877 983 3946 contradicere
1006 3882 1052 3948 ait
1067 3884 1240 3973 Procopius

126 3980 279 4049 &unaue
298 3979 423 4047 Corum.
447 3976 794 4069 inGertasincap.lll.
824 3996 916 4070 pto
937 3984 1119 4050 Commio
1138 3984 1275 4095 oae-

125 4084 237 4167 tenca
253 4079 305 4147 ad.
320 4081 430 4163 ligur.
446 4079 753 4147 ecclesiaedoctoree
766 4102 896 4165 omnea,
916 4083 1034 4149 additia
1048 4046 1275 4150 nominatim

56 4209 70 4236 ··
124 4158 217 4249 ¹hear
233 4183 317 4257 alica
332 4184 456 4251 multoe
467 4174 652 4269 „Dionyso
672 4131 896 4255 Alexmdrlnd
914 4187 1061 4276 episcopo
1074 4189 1112 4255 ie
1130 4188 1285 4275 expo*
