2572 4770
394 328 400 341 .
440 316 456 377 ¹.
530 291 710 385 origem,
724 284 768 343 .'·.'·.
1136 300 1191 370 pp

68 469 284 557 cunigundam
302 488 384 560 quae
401 469 459 536 lex
478 470 619 537 continet
637 468 805 536 reserenda
822 471 909 553 sunt,
927 502 930 507 ·
946 467 1028 537 nihil
1052 473 1190 543 omnino

69 573 247 640 secundum
265 574 416 653 'literam,
448 570 503 635 sed
528 572 707 658 spiritaliter
734 571 851 637 debent
872 573 1019 636 universa
1038 571 1185 641 diacami-
1248 574 1251 579 ’

67 677 142 742 sios
155 688 260 739 autem
275 675 441 762 utriusque
456 674 631 762 assertionis
643 674 844 737 insolentiam
856 686 1085 761 temperantes,
1097 698 1186 764 qua-

70 778 117 841 lia
131 778 238 859 regula
250 777 285 839 in
299 773 521 853 hujuscemodi
534 774 614 854 legio
633 775 830 839 sermonibus
849 772 1043 839 observanda
1064 777 1119 857 stt,
1140 796 1186 843 ex

71 864 260 942 auctoritaie
295 874 476 938 divinarum
511 875 733 960 scripturarum
768 880 912 964 proferre
947 876 1184 962 renuntiare„

70 982 156 1045 Hinc
169 979 326 1061 Origenes
338 975 450 1054 insert,
471 972 621 1060 quicquid
634 977 714 1056 legis
732 978 862 1039 nomine
879 978 913 1040 in
926 976 1004 1041 Mos.
1018 981 1108 1045 libria
1119 1002 1186 1047 exa

69 1081 245 1168 primatur,
271 1075 305 1140 id
325 1088 429 1140 totum
446 1076 577 1157 mystico
598 1078 686 1139 senso
714 1077 845 1156 (scilicet
862 1079 930 1141 veri
948 1082 1088 1146 nominis
1104 1104 1185 1167 my-

72 1181 164 1259 stico,
192 1182 298 1258 cujus,
322 1176 432 1262 fiipse
445 1178 605 1262 explorari
617 1179 744 1264 nequit,
772 1177 859 1239 vices
877 1181 1100 1247 tantummodo
1119 1204 1184 1247 ex-

72 1282 140 1367 plet
156 1279 306 1355 moralis,
333 1274 374 1338 ad
394 1298 490 1362 quem
508 1277 634 1356 iccirco,
663 1300 744 1364 quae
764 1275 805 1341 de
823 1279 954 1359 mystico
972 1284 1061 1345 sensu
1077 1304 1187 1371 expo-

73 1388 207 1458 nemus,
239 1399 354 1465 parum
378 1380 553 1465 pertinent)
581 1380 642 1441 esse
667 1378 886 1466 accipiendum
910 1382 999 1468 (quia
1025 1385 1186 1469 apostolus

73 1476 178 1561 legem
197 1481 344 1541 umbram
366 1481 429 1542 esse
450 1478 561 1542 doceat
585 1481 766 1544 futurorum
787 1482 977 1563 bonorum);
1005 1485 1091 1547 secus
1105 1504 1186 1549 vero
1282 1550 1285 1555 ,

74 1576 226 1666 quicquid
245 1577 405 1659 mandati,
440 1581 630 1660 testimonii,
660 1581 814 1660 justitiae,
843 1579 954 1661 judicii
971 1585 1102 1648 vocibus
1121 1582 1196 1671 (Ιο-Ι

75 1681 221 1744 claretur.
249 1678 358 1760 ’'Quid
371 1702 451 1766 opus
464 1682 517 1759 eil,
527 1730 547 1759 „
560 1680 664 1765 inquit
676 1682 729 1755 ila,
743 1682 803 1742 ’'in
815 1682 866 1744 his
880 1684 1064 1764 allegoriam
1080 1706 1185 1773 quaed

76 1803 161 1861 rere,
189 1803 262 1844 cum
279 1780 425 1844 aedificet
443 1780 541 1843 etiam
557 1779 701 1859 litera„?
746 1782 858 1845 Paucis
881 1784 1055 1863 interjectio
1071 1809 1102 1872 p.
1122 1796 1184 1854 805
1266 1780 1269 1785 ¹

77 1885 194 1970 pergit:
215 1883 333 1948 ”Nunc
342 1884 480 1968 requiro,
495 1883 723 1967 fisuntalique,
739 1904 820 1968 quae
830 1883 1043 1947 etsecundum
1056 1887 1183 1952 literam

80 1983 1185 2072 quidemstarepossmt,necessariotamenineiaallegoriamrequiren-

80 2083 190 2163 dam„
235 2084 437 2164 Argumento
450 2085 494 2145 est
507 2082 620 2145 eitum
632 2079 734 2158 illud,¹
751 2080 837 2168 quod
851 2081 891 2143 de
911 2084 1115 2147 matrimonio
1130 2085 1185 2148 di-

80 2199 161 2249 ctum
175 2187 221 2248 est
233 2196 266 2248 et
278 2183 318 2247 ad
330 2185 436 2248 Jesum
449 2195 543 2268 atque
557 2185 717 2247 ecclesiam
733 2184 771 2243 ab
786 2184 926 2267 apostolo
937 2183 1075 2245 refertur
1082 2228 1094 2263 ,-
1114 2196 1185 2250 tum

79 2287 204 2350 historia
220 2285 365 2349 Iernadlis
380 2297 412 2348 et
426 2283 537 2364 Isaaci,
559 2283 674 2365 Agaris
687 2295 719 2346 et
732 2283 844 2361 Sarae,
867 2304 948 2368 quae
961 2283 1129 2362 allegorice
1144 2287 1185 2349 alr
1236 2348 1242 2359 ,

78 2386 192 2451 eodem
214 2389 354 2473 apostolo
373 2388 553 2473 exponitur.
606 2383 693 2447 Tum
715 2383 835 2447 subdit:
870 2383 1119 2465 '’Ostendimua,
1146 2396 1186 2451 ul

79 2491 208 2577 opinor,
239 2489 423 2550 auctoritate
443 2486 570 2549 divinae
591 2487 776 2570 scripturae,
811 2505 853 2548 ex
869 2486 926 2565 iis,
957 2507 1039 2573 quae
1057 2489 1093 2550 in
1111 2489 1185 2570 lege

77 2592 188 2676 scripta
203 2591 289 2667 sunt,
310 2590 414 2675 aliqua
428 2589 557 2674 penitus
571 2585 756 2667 refugienda
770 2590 833 2650 elie
849 2600 880 2649 et
893 2586 1049 2667 cavenda,
1076 2609 1118 2651 ne
1131 2591 1186 2651 se-

77 2688 219 2754 cundum
233 2691 358 2752 literam
376 2691 414 2750 ab
431 2710 480 2751 ev.
498 2687 657 2774 discipulis
676 2690 901 2767 observentur3
931 2687 1088 2775 quaedam
1105 2710 1185 2754 vero

76 2787 264 2854 omnimode
284 2802 319 2851 ut
338 2791 449 2875 scripta
469 2792 542 2851 sunt
561 2786 750 2866 obtinenda,
777 2789 839 2850 alia
857 2791 1096 2852 autem'lrabere
1108 2790 1187 2875 qui-

78 2891 155 2954 dem
172 2888 345 2952 secundum
363 2890 487 2952 literam
508 2890 675 2951 veritatem
692 2890 754 2964 sui,
782 2890 922 2974 recipere
940 2902 1047 2952 tameo
1066 2891 1188 2955 utiliter

77 3002 112 3057 el
125 2990 294 3054 necessario
309 2991 405 3051 etiam
417 2992 622 3071 allegoricum
634 2994 767 3055 sensum.
811 2990 877 3053 Erit
890 3010 965 3070 ergo
979 2994 1044 3070 iam
1056 2992 1188 3077 sapien-

78 3095 121 3157 tie
141 3093 260 3154 scribae
277 3103 310 3152 et
328 3088 432 3152 edocti
452 3090 492 3154 de
512 3114 610 3174 regno
629 3093 707 3172 Dei,
736 3092 790 3179 qui
810 3093 884 3154 sciat
903 3091 942 3154 de
961 3090 1115 3157 thesauris
1134 3093 1198 3158 hir·

76 3197 221 3283 proferre
242 3211 324 3255 nova
343 3202 376 3251 et
395 3204 519 3271 vetera,
553 3195 630 3256 scire
656 3191 817 3278 quomodo
841 3195 875 3255 in
900 3215 1094 3281 unoquoque
1115 3196 1190 3259 loco
1238 3268 1242 3281 ι

80 3297 249 3383 scripturae
262 3303 316 3355 aut
328 3293 453 3368 abjiciat
465 3295 593 3376 penitus
603 3291 800 3359 occidentem
809 3296 944 3373 literam,
954 3306 1010 3357 aut
1023 3296 1191 3359 confirmet
1265 3317 1269 3324 ·

79 3393 268 3460 omnimode
281 3403 316 3455 ut
331 3393 458 3471 utilem,
480 3413 515 3454 oc
528 3394 730 3456 necessariam
745 3396 858 3478 probet
870 3396 981 3458 literae
1002 3396 1189 3476 doctrinam,

80 3510 152 3575 aut,
172 3474 323 3558 manente
338 3495 482 3574 historia,
500 3506 678 3580 opportune
689 3507 723 3557 et
737 3492 886 3560 decenter
898 3495 1079 3562 introducat
1091 3498 1190 3561 etiam

79 3592 249 3680 mysticum
268 3597 431 3674 sensum„

163 3693 1192 3782 Itaminimequidemperseinutilemessesensom

10 3850 14 3871 ‚
79 3798 295 3861 literalem
309 3796 513 3877 Origenes
532 3795 639 3860 dicia
666 3796 830 3865 Potioede
844 3798 1010 3885 prinolV,
1028 3811 1074 3864 12.
1090 3794 1191 3879 vol.I,

11 3916 19 3971 .“
82 3911 161 3967 169:
186 3897 271 3979 „Per
282 3898 313 3958 se
324 3899 436 3960 utilem
448 3919 523 3960 eum
538 3899 601 3959 esse
611 3898 730 3984 posse,”
745 3900 798 3976 ait,
815 3903 964 3978 „testatur
976 3920 1088 3961 eorum
1098 3902 1192 3964 mul-
1249 3892 1252 3897 ⁵

79 3998 212 4078 titudo,
233 4000 288 4086 qui
307 3999 446 4079 ingenue
458 4010 491 4062 et
508 3998 690 4082 simpliciter
709 3997 949 4063 crediderunt.”
987 3997 1114 4062 Ibidem
1132 4002 1190 4066 sirb

10 4182 12 4187 Ι
78 4104 184 4167 finem
201 4105 224 4185 l.
236 4108 273 4184 ¹.⁴
289 4122 320 4186 p.
333 4111 408 4179 178,
422 4102 588 4186 postquam
602 4096 781 4178 singulatim
793 4099 965 4175 enarravit,
977 4099 1011 4163 in
1028 4120 1091 4185 quo
1108 4101 1189 4165 lite-

78 4203 273 4270 raliesensue
286 4205 444 4283 consistat,
464 4204 506 4270 fic
516 4197 691 4266 concludit:
720 4193 906 4285 Hortante
923 4191 987 4286 γὰρ
1006 4198 1063 4270 καὶ
1078 4196 1118 4272 τὸ
1129 4193 1188 4272 ἴν-
