2572 4770
140 316 214 380 308
464 298 551 389 cap.
578 296 649 363 111.
700 294 931 384 Dogmatr‘ca.

85 528 89 535 -
141 503 251 549 corum
270 480 310 543 de
332 478 474 542 nominis
492 478 579 541 cuitu
602 476 689 554 leges
706 471 849 537 evertit?
888 472 956 553 Qui
977 473 1047 538 lieri
1070 475 1194 560 potuit,
1220 456 1253 541 ut

139 585 229 650 idem
251 583 307 642 ille
328 581 366 641 tic
389 582 567 656 institutus,
597 576 742 661 nihilque
763 596 934 655 magnum,
967 588 1003 637 ut
1021 576 1082 661 ipsi
1101 581 1174 653 ejus
1196 580 1253 637 ob

139 694 324 749 trectatores
346 682 554 755 confitentur,
589 676 629 737 ab
647 675 781 738 homine
803 672 949 748 edoctos,
981 672 1025 738 de
1044 674 1111 741 Dei
1127 676 1250 757 judicio,

140 786 182 849 de
198 783 367 846 criminum
387 781 519 866 poenis,
548 776 589 839 de
606 776 761 837 virtutum
783 777 934 860 praemiis
954 778 1029 840 talia
1047 791 1180 865 tamque
1193 803 1250 843 non

138 880 372 951 contemnenda
394 880 574 957 dissereret,
607 889 728 938 utnon
750 879 886 954 agrestes
905 876 1003 940 modo
1026 891 1061 941 et
1078 879 1249 959 illiteratos,

138 987 194 1053 led
208 986 305 1048 ctiam
319 1004 384 1043 non
398 1002 516 1066 paucos
531 1000 574 1040 ex
584 978 624 1041 iis
645 974 686 1038 ad
700 978 732 1037 ie
746 975 906 1055 alliceret,
935 979 991 1063 qui
1009 979 1146 1042 acutiori
1163 982 1250 1062 iuge-

139 1088 195 1150 nio
209 1096 300 1148 eraut
314 1094 347 1144 et
358 1092 505 1169 poterant
516 1100 630 1142 arcana
646 1076 847 1161 perlcrutati,
875 1099 955 1163 quae
971 1081 1067 1153 rebue
1084 1082 1188 1167 specie
1201 1084 1249 1145 ri-

137 1187 291 1263 lioribus,
306 1195 342 1244 ut
353 1184 397 1242 ita
413 1182 530 1259 dicam,
542 1180 786 1241 velutinvoluta
797 1178 983 1243 latebant?.
999 1227 1008 1243 .
1051 1179 1138 1260 Quia
1150 1184 1248 1263 igitur,

138 1287 195 1375 qui
209 1296 353 1347 naturam
366 1302 472 1344 rerum
481 1278 568 1341 baud
581 1282 779 1361 negligenter
787 1279 977 1359 confideret,
999 1300 1065 1343 non
1079 1280 1248 1346 admiretur

138 1406 215 1449 eum
225 1382 323 1463 gloria
333 1383 466 1465 potuisse
474 1381 603 1442 vincere
612 1391 643 1442 et
657 1402 695 1443 ea
705 1383 830 1460 omnia,
852 1401 935 1466 quae
946 1381 1103 1444 infamiae
1116 1386 1180 1447 elie
1191 1408 1248 1471 po-

136 1494 241 1549 terant
252 1476 310 1559 (τά
321 1476 483 1564 ποιητικὰ
493 1472 657 1560 ἀδοξίας),
671 1493 702 1544 et
712 1480 867 1568 quotquot
879 1484 1171 1569 unquamcelebree
1178 1488 1248 1548 fue-

135 1581 236 1649 runt?
254 1582 336 1647 Nutu
346 1600 388 1642 ex
400 1582 458 1657 iis,
477 1581 532 1666 qui
541 1581 598 1643 filli
609 1582 846 1644 iutcrlmmines
856 1570 1149 1664 nomenfecerunt,
1170 1606 1247 1672 pau·

137 1706 191 1748 tos
199 1684 357 1769 reperias,
371 1682 425 1766 qui
434 1681 685 1765 pluribuesrmul
697 1683 883 1745 nominibus
893 1683 1027 1762 gloriam
1040 1708 1246 1774 comparave-

134 1787 210 1849 rint.
229 1832 236 1846 .
285 1782 345 1846 Ille
369 1795 476 1844 nutem
498 1794 623 1867 praeter
644 1796 748 1846 cetera
767 1795 798 1846 et
811 1783 962 1869 ¹sapientia
978 1796 1011 1848 et
1025 1788 1244 1854 miraculorum

134 1886 289 1973 potestate
307 1894 340 1947 et
361 1880 541 1968 imperandi
559 1884 688 1946 scientia
708 1886 771 1946 fuit
786 1881 993 1948 admirabilis.
1036 1888 1154 1976 Neque
1166 1892 1243 1957 enim

134 1999 173 2050 ut
184 1998 338 2068 tyrannus
350 1983 539 2069 quibusdam
552 1987 702 2069 perfualit
716 1987 820 2049 fecum
836 2004 855 2046 a
870 1985 994 2065 legibus
1009 1983 1167 2069 deficere,
1192 2014 1242 2054 nec

64 2134 67 2139 -
134 2099 172 2150 ut
185 2090 266 2150 latro
279 2086 334 2171 qui
349 2085 497 2147 adversus
511 2087 660 2148 homiues
675 2088 747 2147 loos
758 2098 861 2148 armat
874 2087 1019 2169 attactas,
1040 2110 1102 2157 uec
1114 2105 1153 2155 ut
1165 2114 1241 2179 opu-

133 2188 242 2251 lentus
263 2186 317 2272 qui
338 2186 450 2247 obvios
476 2185 574 2247 allicit
593 2185 832 2265 largitionibus,
865 2208 925 2251 uec
947 2201 984 2251 ut
1005 2191 1166 2279 quispiam
1187 2215 1239 2255 eo·

134 2308 209 2349 rum
227 2306 364 2370 quorum
384 2283 500 2366 agendi
517 2282 597 2346 ratio
618 2287 789 2349 manifeste
812 2288 858 2348 eit
876 2286 1107 2375 vituperanda3
1138 2292 1190 2357 sed
1209 2304 1242 2355 ut·
1277 2332 1282 2365 r

134 2387 298 2465 magister,
321 2385 376 2469 qui
392 2387 506 2447 summi
521 2385 583 2448 Dei
597 2381 793 2465 doctrinam,
805 2382 943 2451 'cultum
962 2380 1161 2483 omnemque
1171 2416 1239 2459 mo-
1267 2388 1282 2491 j

133 2508 207 2550 rom
222 2483 324 2547 tradit
345 2483 559 2570 disciplinam,
592 2504 676 2571 quae
692 2484 840 2572 supremo
853 2486 926 2551 Deo
946 2495 1118 2561 conciliare
1138 2500 1236 2585 potest,
1267 2500 1273 2569 ι’

134 2590 316 2675 quicunque
337 2586 408 2648 loos
425 2583 467 2647 ad
490 2605 563 2646 earn
582 2606 690 2649 morea
712 2591 965 2676 composuerint..
991 2593 1236 2663 ·Ac'l'hemilto-
1258 2606 1269 2695 1

133 2690 191 2754 clia
214 2680 344 2774 qiridem
366 2697 421 2748 aut
437 2686 534 2747 ullius
551 2682 694 2749 virorum
708 2688 878 2755 iltuttrium
890 2694 1156 2786 nihilera'tquod
1172 2702 1235 2783 glo-
1260 2702 1265 2765 ζ

131 2786 442 2855 riae'adverl'aretur.'·
468 2784 552 2848 tue
573 2799 682 2852 autem
701 2803 830 2875 praeter
848 2797 914 2873 jam
931 2794 1031 2876 dieta,
1050 2820 1136 2887 quae
1149 2814 1234 2865 tena-
1259 2776 1264 2895 j

130 2893 195 2955 bris
209 2893 344 2953 obruere
356 2897 504 2971 poterant
515 2884 660 2951 indolem
677 2892 853 2974 quamlibet
872 2900 1077 2982 generosam,
1104 2904 1232 2968 sublatus
1258 2906 1261 2979 j

129 2992 166 3053 in
189 3010 315 3053 crucem
338 2999 476 3050 mortem
493 2990 598 3073 pallus
620 2990 680 3069 eit,
707 3012 789 3076 quae
807 2996 872 3058 vila
884 2998 947 3061 fuit
961 3000 1188 3084 ignominiosa,
1205 3016 1232 3067 et
1252 2994 1262 3055 i

130 3110 214 3175 quae
236 3102 304 3151 erat
324 3078 527 3171 hujusmodi,
560 3102 597 3151 ut
622 3110 661 3152 ea
678 3093 731 3153 vel
752 3097 818 3172 jam
846 3112 920 3162 unte
942 3118 1127 3190 comparata
1144 3107 1231 3189 gloria
1257 3124 1262 3137 ·

128 3188 308 3267 obliterari,
336 3190 509 3277 abalienari
531 3192 658 3278 abipso
684 3195 879 3284 quicunque,
906 3212 943 3263 ut
965 3216 1079 3288 putant
1097 3209 1153 3293 qui
1172 3210 1231 3287 ejus
1256 3202 1282 3273 ¹.'

128 3286 305 3352 doctrinam
328 3313 391 3353 non
414 3260 619 3376 idceperont,
651 3291 775 3381 decepti
794 3301 938 3380 fuerent,
967 3304 1062 3367 etad
1082 3306 1231 3372 damnan-

97 3430 101 3437 ·
128 3389 207 3453 dum
230 3391 435 3476 impostorem
456 3392 587 3454 excitari
607 3396 787 3477 potuissent.
822 3397 958 3464 ¹lllirutu
978 3407 1076 3471 etiarn
1094 3414 1139 3473 eit
1155 3408 1230 3473 unde
1257 3350 1264 3445 i

126 3490 304 3576 discipulis,
332 3491 404 3575 qui,
425 3502 463 3552 ut
476 3494 700 3556 obtrectatores
718 3494 790 3559 Jelb
810 3496 936 3582 dicunt,
953 3526 1016 3569 nec
1028 3528 1137 3575 eumn
1151 3534 1231 3577 mot·

124 3593 191 3655 tuis
203 3592 385 3654 suscitatum
399 3589 565 3671 vidillent,
585 3612 645 3655 nec
656 3612 732 3657 euru
747 3594 892 3663 divinum
905 3603 1073 3691 quidpiam
1086 3616 1151 3677 elie
1162 3634 1231 3702 per·

124 3694 248 3755 suasum
262 3690 460 3768 babuill'ent,
489 3692 522 3754 iu
540 3705 685 3755 mentem
705 3698 841 3764 venisset
855 3726 919 3766 non
934 3708 1150 3777 reformidare
1157 3734 1229 3802 quae

73 3828 76 3833 ·
123 3792 273 3873 magister
285 3792 390 3876 pollue
402 3791 524 3872 fuerat,
551 3793 712 3880 intrepide
725 3800 758 3859 le
770 3803 921 3884 periculis
935 3812 1155 3892 committere,
1176 3838 1229 3905 pa.

121 3894 281 3977 triamque
298 3891 496 3975 relinquere,
524 3904 561 3954 ut
582 3916 624 3959 ex
641 3898 809 3965 voluntate
830 3904 903 3967 Jel'u
925 3904 1105 3977 doctrinam
1122 3917 1179 3981 fibi
1195 3919 1228 3979 ab

120 3994 189 4078 ipio
206 3989 352 4055 traditum
368 3990 527 4055 docerent.
575 3986 812 4063 Nam³ttrbitror
824 4006 987 4071 nerninem
1000 4012 1075 4077 fore
1088 4018 1159 4103 qui,
1179 4038 1227 4080 re·

119 4092 181 4154 bus
202 4091 371 4173 diligenter
388 4094 568 4178 perpensis,
594 4096 677 4161 dicat
697 4102 771 4166 illos
790 4108 1019 4173 tumultuosam
1037 4118 1137 4179 vitam
1155 4140 1227 4204 pro-

119 4203 189 4279 pter
204 4190 277 4256 totu
291 4192 466 4259 doctrinam
480 4196 637 4263 electuros
651 4202 773 4283 britte„
788 4205 848 4272 nit
869 4207 917 4274 eit
929 4211 1226 4307 ratrementerpu-
1254 4244 1258 4315 Ι

1250 4464 1258 4531 l
