2572 4770
59 294 132 359 sto
384 281 472 372 cap.
495 280 566 351 m.
617 248 849 368 nagnam.

58 468 280 555 praebeamus.
331 462 443 547 Neque
462 458 566 546 quoad
590 458 753 521 essentiam
773 450 924 538 (οὐσίαν)
943 450 1179 520 arumnicum

60 588 136 631 nem
153 557 321 647 (ὅμοιως
343 572 385 622 ex
399 581 439 639 ep
452 560 538 622 enim
555 562 600 621 est
613 560 690 622 sicut
703 560 885 640 unigenitus
900 569 1040 644 apatre,
1060 556 1177 641 planus

61 667 181 748 gratiae
205 676 238 725 et
254 665 418 739 veritatis,
447 673 480 723 et
494 663 573 723 ficut
594 661 754 723 character
775 661 1030 745 hypostaseos..
1050 668 1086 719 et
1100 656 1177 733 sicut¹

59 770 167 846 imago
185 763 249 827 Dei
268 764 352 841 (ttot.
373 762 417 841 ΙΙ,
437 767 482 841 9).
508 810 516 825 .
567 760 679 847 Neque
706 756 811 845 quoad
839 760 1003 844 qualitatis
1020 758 1177 821 intensio-

61 887 138 930 nem
160 855 357 946 (ποιότητος
375 856 563 939 ἐπίτασιν),
593 862 743 947 quoniam
767 861 935 946 qualitates
954 880 1021 921 non
1038 858 1111 919 suot
1123 855 1177 919 di-

60 969 158 1030 vinae
175 976 207 1025 et
226 962 403 1026 ineffabiles
422 964 591 1048 personae3
618 960 653 1023 in
669 962 853 1046 corporibus
870 963 959 1024 enim
972 961 1019 1022 eit
1031 957 1175 1045 qualitas,

60 1069 137 1130 illae
163 1076 271 1125 autem
292 1065 497 1147 incorporeae
518 1065 589 1124 sunt
610 1074 643 1125 et
660 1063 887 1144 intelligibiles.
943 1058 1011 1125 Sed
1031 1079 1076 1123 ne
1098 1056 1176 1121 istut

61 1163 193 1252 quidem
207 1162 247 1225 de
261 1162 335 1247 ipsis
349 1165 487 1244 cogitare
501 1160 649 1252 potestis,
672 1166 736 1229 esse
749 1166 784 1229 in
797 1165 863 1228 illis
875 1164 988 1250 pulcro
999 1160 1151 1246 pulcrius.
1165 1194 1176 1222 a

59 1267 177 1349 Neque
200 1261 307 1348 quoad
326 1266 551 1350 aequalitatem
575 1261 628 1346 (τὸ
646 1252 752 1345 ἴσον),
784 1266 859 1351 quia
879 1281 1016 1344 magnus
1038 1272 1072 1323 et
1087 1262 1176 1346 super

60 1366 171 1429 omnia
184 1364 273 1426 Deus
293 1359 409 1424 dicitur
421 1366 508 1428 filius
520 1367 718 1452 inscriptura
732 1378 764 1429 et
779 1367 946 1451 aequalem
959 1364 991 1424 se
1005 1362 1110 1447 ipsum
1123 1363 1177 1423 sa-

63 1469 152 1530 ciens
167 1464 257 1579 patri.
281 1513 288 1527 .
341 1465 454 1549 Neque
476 1466 583 1551 quoad
602 1467 778 1555 potentiam
793 1457 974 1546 (δύναμιν).
1017 1461 1178 1579 Scriptum

62 1572 108 1631 ast
123 1568 229 1628 eninr:
259 1562 416 1628 Christum
432 1562 495 1627 Dei
511 1568 663 1629 uirtutem
675 1578 709 1630 et
722 1564 785 1629 Dei
796 1566 999 1650 sapientiam,
1022 1578 1057 1628 et
1069 1565 1178 1626 omnia

55 1684 309 1752 quaecunque
286 1664 362 1725 facit
374 1676 478 1748 pater,
507 1668 593 1730 silius
607 1687 735 1753 quoqne
750 1666 895 1728 similiter
907 1665 1024 1728 facit„
1067 1665 1177 1750 Neque

62 1765 203 1852 quottdg
186 1766 319 1827 “loriam
333 1777 387 1827 ant
400 1765 561 1853 quandam
577 1768 765 1849 dignitatem
788 1760 886 1847 (κατὰ
904 1761 965 1850 τὴν
983 1751 1128 1841 δόξαν
1105 1787 1128 1850 q
1144 1783 1177 1827 tt

61 1862 267 1948 ἄξι’ωμα)-
287 1866 390 1931 1(“.οι
406 1866 449 1947 II,
468 1881 506 1947 ὃς
528 1869 601 1932 Joh.
618 1871 661 1949 V,
675 1881 757 1937 ⁰3..
807 1865 992 1930 Secundum
1007 1863 1086 1951 quid
1105 1884 1176 1944 ergo

61 1972 175 2048 restat,
205 1981 240 2029 ut
259 1971 363 2045 major
375 1962 424 2033 Nl
440 1981 530 2053 pater
554 1980 586 2031 et
607 1967 765 2032 dissimilis
783 1966 893 2031 filius?
919 1965 1155 2030 Secundum
1124 1988 1175 2033 nt-

61 2071 129 2148 hil,
153 2082 187 2131 ut
201 2070 358 2131 ostensum
372 2054 460 2131 nt'est.’'
508 2069 668 2153 „Alioqui
685 2073 731 2155 (p.
748 2072 804 2150 st)
821 2091 861 2132 ne
874 2081 965 2156 pater
979 2066 1112 2155 quidem
1125 2068 1175 2130 in-

64 2172 191 2252 genitus
216 2182 310 2255 atque
329 2170 587 2253 incomparabilis
609 2159 763 2234 dicendus
781 2176 846 2251 jam
866 2171 942 2250 erit,
969 2172 995 2234 si
1018 2171 1094 2250 ille,
1123 2167 1173 2256 qui

64 2284 188 2334 creatus
210 2283 241 2330 et
257 2273 286 2331 ei
301 2269 456 2330 dissimilis
470 2272 530 2347 est,
557 2269 655 2355 ipsius
667 2271 774 2352 imago
791 2285 825 2335 et
841 2272 1003 2336 character
1016 2275 1073 2337 ett.
1114 2270 1175 2335 Di-

62 2374 139 2435 vina
160 2373 240 2433 haec
260 2381 292 2431 et
309 2371 571 2454 interpretatione
592 2391 657 2432 non
676 2369 852 2453 indigentia
872 2375 1001 2437 oracula
1013 2384 1100 2437 reete
1113 2394 1174 2436 non

63 2472 280 2548 intelligentes
308 2470 477 2546 lracretici,
511 2467 565 2529 sed
591 2482 623 2533 et
649 2492 688 2533 ea
705 2485 940 2558 pervertentes,
976 2487 1011 2538 et
1028 2474 1175 2537 humanis

66 2568 256 2634 commentis
287 2566 576 2657 atlximpugnanda
604 2568 666 2632 Dei
694 2576 792 2638 verba
817 2587 962 2654 utentes,
1001 2576 1044 2640 sic
1072 2580 1176 2655 ajunta

64 2671 167 2737 Aliud
182 2674 225 2732 est
240 2669 347 2748 Deus,
375 2667 462 2731 aliud
477 2670 581 2750 imago
597 2669 678 2753 Dei3
700 2675 778 2737 ficut
790 2674 876 2739 aliud
889 2678 935 2737 est
946 2676 1065 2754 humo,
1091 2670 1175 2739 aliud

64 2775 171 2852 imago
193 2771 351 2848 ltorninis3
389 2792 424 2832 ac
448 2772 561 2833 vivum
583 2785 677 2858 atque
698 2791 884 2860 operantem
905 2776 1015 2839 Deum
1032 2777 1176 2842 Verbum

64 2874 197 2954 imagini
217 2882 306 2934 motu
328 2871 494 2935 destitutae
520 2872 757 2958 quodammodo
782 2870 968 2957 assimilant,
1005 2898 1079 2939 cum
1098 2878 1127 2941 is
1144 2885 1184 2961 et¹

64 2974 170 3060 quoad
190 2975 356 3037 esseratiam
369 2986 402 3037 et
416 2974 521 3061 quoad
538 2977 644 3038 ontnia
658 2978 764 3058 imago
777 2980 815 3042 fit
827 2980 925 3065 patris
940 2980 1030 3042 omni
1045 2979 1177 3041 omnino

65 3076 247 3137 diversitate
273 3096 384 3138 carens
406 3089 439 3138 et
461 3088 606 3156 aeterna,
633 3100 700 3139 non
718 3100 795 3141 vero
817 3080 856 3143 ad
877 3082 963 3143 illius
982 3080 1123 3143 formam
1140 3100 1176 3143 ao

64 3178 198 3257 figuram
222 3178 276 3255 sit,
306 3178 402 3241 instar
422 3178 578 3238 simulacri
599 3199 615 3237 a
635 3179 733 3263 plaste
750 3180 845 3244 eliicti
864 3196 918 3244 aut
933 3182 1061 3266 sculpti,
1093 3178 1175 3268 quud

63 3277 244 3339 inanimum
265 3280 325 3356 est,
353 3298 413 3339 nec
433 3280 536 3340 suase
556 3280 589 3339 vi
604 3300 756 3359 alloveus,
785 3301 889 3367 neque
901 3279 1076 3344 secundum
1091 3282 1174 3345 iltius

63 3379 200 3463 speciem
223 3389 256 3439 et
281 3380 421 3441 colorem
440 3380 494 3456 stt,
522 3378 701 3457 cujusmodi
721 3382 767 3442 est
787 3383 948 3444 artificiosa
962 3379 1003 3443 ad
1018 3382 1174 3446 imitatio-

56 3500 139 3541 nem
157 3482 240 3540 facta
262 3490 294 3539 et
315 3491 405 3539 mata
428 3478 564 3559 effigiem
590 3479 774 3558 hujusmodi
794 3483 880 3545 enim
896 3483 1055 3562 imagines
1074 3501 1173 3570 neque
1211 3568 1216 3579 .

57 3578 170 3663 quoad
189 3591 291 3641 natura
292 3600 352 3656 rrrt,
381 3600 486 3664 neque
502 3602 544 3643 ex
558 3583 682 3660 integro
696 3581 800 3667 quoad
817 3584 878 3645 alia
891 3596 1099 3671 prototypum
1114 3609 1174 3650 ex-

63 3680 187 3741 hibent.
215 3679 313 3741 l'·0r10
329 3680 469 3743 hominis
485 3683 582 3743 etiam
595 3683 706 3743 silius
697 3696 864 3764 rmagot
819 3686 864 3746 ast
875 3687 1066 3751 substantiae
1078 3690 1174 3775 patris

61 3778 126 3855 sui,
149 3777 202 3840 sed
219 3777 360 3842 diversus
374 3782 413 3840 ab
424 3781 489 3864 ipso
503 3784 548 3842 est
560 3795 664 3845 aetate
677 3796 733 3845 ant
744 3787 845 3869 specie
867 3798 923 3848 aut
944 3790 1102 3854 sententia
1122 3801 1174 3855 aut

62 3880 96 3939 ti
117 3890 173 3940 ant
192 3878 345 3959 dignitate
367 3890 420 3940 aut
439 3880 489 3940 his
510 3884 660 3946 onrtribus
675 3886 788 3964 smmi,
814 3898 870 3950 aut
883 3889 990 3976 aliqua
1003 3892 1102 3955 etiam
1115 3893 1173 3956 alia

62 3979 200 4043 rem
214 3980 452 4044 DeusVerburn
464 3983 530 4044 fine
545 3986 610 4046 ullu
623 3984 806 4050 discrimine
819 3997 850 4050 et
866 3987 1055 4056 adamussim
1073 3991 1172 4083 quoad

60 4080 171 4141 omnia
192 4082 368 4166 simplicem
390 4092 423 4144 et
443 4084 682 4169 incompositam
704 4100 738 4151 et
754 4090 909 4153 varietate
929 4107 1091 4159 carentem
1112 4114 1170 4179 pa-

26 4176 330 4303 ¹tristliriaitatem
341 4186 527 4303 naturaliter
542 4198 574 4251 et
587 4189 628 4254 ab
641 4194 773 4257 aeterno
782 4189 879 4257 habet
890 4202 927 4256 ut
938 4195 1065 4281 patris'
1052 4214 1171 4279 imago,
