2572 4770
474 246 658 337 Origotec.
1068 254 1117 323 tt

12 431 55 500 bd
74 434 320 497 firmamentum
341 440 375 491 et
395 430 524 491 coelum
544 446 743 512 corporeum.
794 425 835 490 Et
857 427 931 492 ideo
946 429 1026 493 illud
1041 432 1118 521 qul:-
1216 472 1221 487 .-

12 534 76 600 lern
88 534 234 621 primurn
247 530 389 606 eoelum,
415 528 570 612 spiritale,
597 549 689 589 ruens
701 530 803 589 nostra
818 534 880 605 elt,
910 553 991 616 quae
1007 545 1040 594 et
1053 535 1118 620 ipsa

12 637 132 724 spiritua
150 635 195 696 est
212 633 233 694 i.
254 653 283 695 e.
305 630 452 714 spiritalis
464 631 562 691 horno
578 631 683 690 noster
696 629 827 690 interior
840 633 900 709 ell,
920 634 974 717 qui
986 633 1075 697 videt
1086 648 1120 700 et

12 736 154 825 perspicit
168 733 294 808 Deum,
315 728 414 793 lsrael
430 743 537 792 autern
552 731 714 814 corporale
733 733 875 807 coelam,
905 732 989 817 quod
1006 736 1121 799 firma-

12 850 154 902 mentum
171 833 301 910 dicitur,
330 832 471 893 exterior
493 834 597 892 noster
615 833 713 891 homo
727 833 788 909 est,
817 832 872 917 qui
885 856 1013 918 corpora
1028 838 1120 902 aliter

12 943 158 1004 intuetur.
201 935 292 1000 Sicut
303 954 379 1012 ergo
392 933 633 994 firmamentum
645 933 770 993 coelum
783 936 979 1019 appellatum
993 940 1054 1017 est,
1076 958 1121 1004 ex
1225 958 1229 965 ·

12 1062 45 1107 eo
63 1038 153 1128 quod
173 1035 298 1100 dividat
315 1036 399 1095 inter
420 1054 474 1096 eas
492 1053 605 1117 aquas,
634 1052 716 1116 quae
735 1035 806 1094 lunt
823 1036 917 1119 super
939 1038 1059 1123 ipsum,
1086 1053 1120 1107 et
1184 1028 1187 1033 ¹

12 1163 75 1221 ecc,
101 1159 185 1226 quae
205 1140 276 1198 lunt
293 1137 349 1197 sub
367 1136 451 1220 ipl03
479 1134 524 1194 ita
546 1145 578 1195 et
595 1134 711 1212 homo,
733 1136 834 1220 quiin
851 1159 983 1222 corpore
999 1143 1121 1226 politur

11 1246 65 1322 ott,
92 1243 120 1305 fi
141 1237 287 1301 dividere
304 1237 446 1323 potuerit
464 1248 499 1296 et
511 1234 707 1312 discernere,
729 1258 811 1321 quae
824 1240 884 1300 lint
897 1258 1015 1323 oquae,
1037 1266 1121 1329 quae

11 1344 65 1407 sant
75 1340 257 1427 superiores
270 1340 363 1423 super
376 1338 613 1399 firmamentum
628 1347 660 1396 et
672 1357 753 1421 quae
768 1339 823 1397 sub
837 1338 1037 1404 firmamento
1050 1346 1121 1427 lint,

11 1445 104 1507 utinm
118 1442 185 1527 iple
201 1439 327 1503 coelum
343 1439 364 1502 i.
381 1458 408 1500 e.
424 1436 567 1499 coelellis
580 1437 679 1499 homo
698 1438 926 1521 appellabitur,
947 1442 1122 1512 secundum

11 1543 98 1610 Pauli
116 1542 306 1605 sententiam
323 1537 463 1623 Philipp.
477 1537 537 1616 Ill,
552 1553 602 1603 20.
651 1535 785 1600 Studeat
803 1560 878 1620 ergo
901 1548 1123 1634 unusquisqne

11 1647 149 1710 nostrum
168 1640 285 1705 divisor
304 1659 404 1724 aquae
425 1637 507 1701 effici
529 1643 614 1718 ejus,
644 1638 727 1724 quae
751 1641 796 1701 est
813 1641 904 1725 lupra
924 1655 957 1706 et
975 1667 1056 1730 qnae
1077 1653 1124 1714 est

11 1747 134 1824 lnbtue;
162 1763 226 1828 quo
245 1741 362 1802 scilicet
382 1739 529 1824 spiritalis
548 1760 649 1825 aquae
663 1741 860 1802 intellectum
873 1755 905 1803 et
918 1748 1122 1835 participium

11 1846 138 1935 capiens
151 1845 237 1922 ejus,
259 1862 341 1928 quae
355 1844 400 1902 elt
411 1842 503 1925 supra
519 1842 776 1919 firmamentum,
804 1840 938 1905 flumina
951 1846 992 1909 de
1009 1863 1123 1916 ventre

10 1949 62 2011 luo
90 1943 208 2008 educat
230 1962 331 2029 aquae
360 1941 457 2003 vivae
480 1943 620 2004 salientis
643 1943 678 2002 in
707 1942 807 2002 vitam
837 1953 999 2009 aeternam
1033 1951 1124 2028 (soh.

10 2047 84 2126 VII,
99 2051 174 2127 38),
199 2047 381 2125 segregatus
392 2044 459 2104 fine
475 2038 574 2102 dubio
590 2053 623 2103 et
636 2042 797 2126 separatus
810 2044 849 2102 ab
864 2063 900 2104 ea
914 2068 1013 2132 aqua,
1040 2034 1137 2137 quae.

10 2150 118 2213 subtus
130 2148 192 2226 est,
213 2148 235 2209 i.
250 2166 279 2211 e.
294 2164 376 2230 aqua
392 2143 507 2223 abyssi,
536 2143 644 2228 inqua
659 2144 810 2204 tenebrae
822 2145 885 2205 elle
900 2144 1062 2231 dicuntur,
1089 2155 1126 2219 ln

10 2268 71 2337 quc
91 2249 241 2336 princepe
260 2247 357 2324 hujus
377 2241 492 2305 mundi
510 2255 543 2305 et
564 2243 761 2307 adversarius
778 2243 872 2308 draco
892 2260 923 2308 et
936 2253 1041 2331 angeli
1055 2248 1126 2334 elue

10 2352 164 2415 lubitent.
179 2397 187 2415 .
202 2396 210 2412 .
239 2344 275 2408 si
287 2346 374 2407 enim
386 2366 484 2430 aquas
499 2347 581 2424 illas,
596 2366 678 2431 quae
690 2347 762 2409 lunt
772 2348 827 2408 snb
840 2349 940 2429 coelo,
954 2373 1018 2414 non
1029 2355 1126 2442 lepa-

10 2453 188 2519 rrrerimne
207 2449 351 2525 anobis,
370 2447 393 2509 i.
407 2468 435 2511 e.
458 2460 584 2533 peccata
606 2460 638 2511 et
657 2446 736 2508 vitia
751 2449 891 2535 corporis
903 2454 1016 2533 nostri,
1037 2456 1126 2523 arida

12 2555 116 2619 nour·
136 2573 203 2614 non
221 2549 338 2636 poterit
354 2569 523 2634 apparere,
552 2570 611 2611 nec
631 2551 749 2610 habere
766 2546 916 2612 fiduciam
932 2554 1127 2637 procedendi

11 2652 213 2730 trilucem„
259 2648 315 2713 Ad
330 2648 443 2714 Genel.
460 2650 486 2727 l,
503 2665 559 2717 10:
586 2647 852 2714 ”VocavitDeus
871 2651 993 2717 aridam
1007 2669 1126 2724 terram

15 2756 146 2837 etjubet
159 2765 277 2816 terram
292 2752 407 2836 ipsam,
430 2753 481 2813 cui
495 2755 560 2839 ipse
573 2755 634 2814 hoc
647 2772 765 2813 nomeu
780 2750 925 2832 indulsit,
950 2756 1128 2842 producere

15 2855 143 2920 finctus.
160 2900 195 2919 ..
244 2852 381 2916 Aridum
401 2852 490 2915 Deue
512 2852 820 2938 appellaritterrnm
842 2875 900 2938 pro
920 2875 976 2935 eo,
999 2859 1129 2945 quodei
1228 2848 1232 2857 ’

16 2956 200 3021 Ῑεοιιὶίεῐοπι
213 2954 422 3017 ferendorum
435 2955 599 3016 fructuum
621 2953 795 3032 largiretur.
845 2954 1032 3023 Secundum
1050 2961 1131 3026 lite-

18 3075 83 3121 rttn
107 3055 272 3120 manifesti
295 3058 367 3118 sunt
390 3057 531 3133 fructus,
561 3074 642 3138 quoa
667 3064 751 3114 terra
775 3075 841 3117 non
866 3055 954 3121 arida
973 3060 1131 3145 producit,

21 3154 81 3221 sed
93 3157 214 3221 iterum
225 3159 404 3219 reseramus
417 3155 457 3216 ad
471 3177 540 3218 nos.
584 3153 618 3216 Si
632 3157 697 3232 jam
709 3154 784 3216 facti
796 3157 904 3220 lrrrnus
916 3170 1015 3242 terra,
1030 3165 1133 3246 fijam

21 3276 81 3322 ron
91 3257 234 3345 amplius
246 3259 355 3323 sumne
371 3255 475 3336 aride,
505 3257 676 3319 afferamus
696 3254 818 3317 fructus
838 3258 950 3323 uberee
968 3277 1002 3326 et
1020 3264 1135 3334 diver..

9 3348 170 3437 'bellem
202 3367 239 3420 ut
260 3369 295 3421 et
313 3378 373 3421 nos
389 3355 617 3421 benedicamur
636 3368 758 3442 epatre
778 3355 919 3424 dicente:
951 3363 1033 3430 Ecce
1054 3368 1137 3436 odor

22 3458 78 3523 sllii
93 3457 164 3523 rnei
183 3457 263 3523 licut
283 3456 364 3522 odor
384 3458 451 3539 agri
475 3457 579 3543 pleni,
609 3478 708 3543 quem
732 3459 898 3525 benedixit
920 3464 1010 3531 Dene
1037 3469 1137 3549 (Gen.

21 3556 165 3639 XXVII,
178 3564 255 3641 28),
277 3572 309 3622 et
323 3558 423 3640 illud,
445 3557 533 3646 quod
544 3559 589 3621 ait
604 3561 780 3644 apostolus,
808 3566 1007 3651 compleatur
1024 3570 1059 3631 in
1070 3590 1137 3633 no·

20 3661 68 3728 tic
87 3662 204 3743 (Hebr.
223 3659 283 3740 VI,
304 3673 333 3728 7.
356 3665 423 3743 8)..
440 3708 472 3725 ..
527 3659 569 3723 Et
590 3657 671 3721 dixit
692 3658 808 3725 Deuo”
828 3665 883 3744 (ad
904 3665 1016 3731 Genes.
1036 3668 1063 3747 I,
1082 3682 1137 3739 to.

20 3786 50 3854 p.
60 3769 137 3850 m:
159 3760 370 3844 „Producant
383 3783 484 3848 aquae
498 3763 643 3849 repentia
657 3760 836 3829 animarum
852 3769 1010 3848 vivarum,
1026 3782 1059 3833 et
1071 3784 1138 3835 voi·

17 3867 121 3935 htilir
135 3865 279 3931 rotantia
289 3867 384 3951 super
396 3876 515 3927 terram
531 3861 706 3928 secundum
718 3865 956 3931 firmamentum
976 3870 1057 3934 coeli
1071 3872 1137 3940 120.

20 3968 141 4035 antio
155 3970 282 4032 nostrae
295 3969 348 4031 vel
362 3965 467 4030 cordio
479 3963 688 4043 soliditatem,
709 3966 789 4029 haec
803 3965 918 4030 eadem
930 3970 1019 4032 fiant.
1066 3972 1140 4055 Aa}-

20 4072 138 4149 fluor,
151 4067 239 4155 quod
252 4071 278 4133 fi
291 4090 385 4132 mene
397 4069 501 4132 nostra
512 4066 693 4130 illuminata
706 4067 804 4129 suerit
817 4089 833 4129 a
849 4070 953 4131 nostro
964 4071 1031 4133 sole
1040 4070 1140 4141 cort.

8 4172 85 4257 (fin,
113 4175 248 4257 jubetur
266 4166 470 4261 postmodum
490 4188 533 4233 ex
551 4167 620 4250 hie,
644 4188 727 4255 qnae
745 4170 781 4235 in
793 4189 832 4234 ea
844 4171 932 4251 funt,
954 4174 1045 4259 aquia
1056 4164 1139 4266 pro-

1153 4336 1209 4500 Ι
