2572 4770
127 284 200 349 21⁰
449 266 534 357 Cap.
562 264 633 332 111.
689 260 921 354 Dogmartca.

126 448 266 532 πνεῦμα.
302 446 450 509 Pluribus
466 444 507 508 tle
522 443 648 530 spiritus
661 442 757 505 sancti
771 441 908 506 efficacia
922 442 1005 504 infra
1023 441 1057 504 in
1067 439 1226 509 Cluiltoln-

114 543 179 638 'gia
192 570 334 631 agemus.
385 543 483 624 (”A‹l
500 556 624 629 patrem
638 555 670 606 et
683 543 817 623 filium„
829 580 873 592 —
892 545 973 605 haec
987 540 1029 605 de
1045 545 1154 630 spiritu
1167 547 1226 609 san-

128 666 179 721 cto
196 675 215 721 e
232 650 376 712 versione
399 645 511 708 Rufini
537 645 651 708 leviter
675 644 837 725 tangimus
860 678 901 691 -
931 643 1057 706 ”nemo
1075 649 1226 732 pervenire

127 732 247 845 potest,
263 751 321 812 nili
334 746 546 834 perspiritum
561 748 702 809 sanctum
716 779 759 792 -
780 742 821 804 de
833 745 933 830 princ.
948 743 975 822 Ι,
986 755 1016 825 8,
1032 756 1062 812 5.
1083 769 1115 833 p.
1132 760 1170 815 62
1180 776 1226 833 -ς

129 852 233 919 unum
256 871 333 913 vero
353 845 504 933 idemque
527 846 588 924 est,
624 843 752 929 spiritus
771 844 868 907 sancti
886 845 1088 932 participium
1109 850 1228 933 summa,

37 999 42 1010 .
130 952 220 1045 quod
239 952 285 1015 est
303 949 402 1035 patris
426 958 459 1009 et
480 946 540 1008 filii
559 982 602 995 -
628 946 672 1008 ib.
694 943 754 1022 IV,
771 954 822 1011 82.
849 967 881 1031 p.
903 959 1036 1029 192-;
1063 949 1228 1037 quicunque

130 1054 241 1122 autem
258 1050 369 1127 sumit,
396 1049 494 1110 totius
512 1045 639 1134 spiritus
658 1045 756 1107 sancti
774 1045 885 1125 sumit,
910 1046 1029 1133 quippe
1047 1050 1104 1135 qui
1126 1052 1228 1115 nonsit

133 1150 266 1240 c'or'pus,
288 1147 375 1236 quod
389 1148 524 1211 divisum
536 1146 572 1208 in
584 1159 692 1232 partes
706 1146 885 1232 corporales
898 1150 1051 1234 percipiat
1070 1154 1227 1237 unusquis-

133 1272 198 1343 que
213 1256 389 1315 sanctorum
404 1285 448 1297 -
466 1250 509 1312 ib.
523 1246 550 1326 Ι,
569 1261 600 1325 1,
611 1258 639 1313 3.
661 1268 694 1333 p.
715 1257 754 1312 50
766 1271 826 1327 —;
853 1249 1067 1328 ignorantiam
1081 1252 1113 1313 ei
1128 1250 1227 1327 adseri·

133 1360 211 1422 ltere
229 1351 366 1437 impium
381 1361 414 1411 et
427 1349 557 1411 stultum
569 1348 693 1426 elt„-
712 1348 757 1409 ib.
772 1347 799 1427 I,
815 1359 844 1428 3,
860 1356 891 1415 4.
913 1372 945 1436 p.
962 1355 1030 1431 62.)
1073 1351 1131 1414 Ad
1143 1374 1227 1439 quae-

133 1450 269 1521 stionem
290 1450 445 1535 denique,
479 1448 650 1534 spiritus
676 1447 837 1512 sanctus
858 1472 906 1511 an
935 1472 1034 1514 vere
1065 1455 1119 1516 sit
1139 1454 1226 1517 Deus

136 1548 296 1638 (strictiori
311 1563 419 1613 autem
433 1550 521 1612 seusu
534 1546 575 1610 de
591 1549 807 1627 „homousia”
822 1553 950 1639 spiritus
960 1554 1057 1617 sancti
1069 1577 1144 1620 curn
1156 1568 1230 1643 patro

136 1648 315 1721 doctrinam
337 1648 424 1736 apud
439 1648 615 1729 Origenern
639 1649 750 1734 quaeri
768 1662 835 1716 nn'n
849 1657 955 1741 posse,
983 1661 1145 1741 apparet),
1171 1656 1228 1721 tuis

137 1752 223 1820 ¹certo
243 1752 402 1833 Origenes
418 1760 489 1811 'non
508 1748 682 1834 respondit.
738 1750 830 1815 Posse
855 1754 987 1841 quidem
1013 1777 1092 1819 eum
1114 1754 1229 1838 Origeni
1274 1828 1276 1839 Ι

134 1852 244 1945 Deum
260 1855 333 1930 esse,
350 1871 446 1913 nemo
460 1848 555 1912 facile
566 1850 765 1915 infitiabitur.
794 1855 863 1933 (Uti
877 1858 965 1919 enim
979 1858 1076 1936 filius,
1089 1858 1145 1944 qui
1156 1868 1228 1945 patro
1272 1856 1276 1909 !

135 1952 279 2042 genitore
296 1956 339 2017 est
354 1952 504 2030 inferior,
534 1949 680 2029 ejusdem
699 1975 771 2018 cum
790 1976 831 2018 eo
844 1969 975 2020 naturae
990 1960 1053 2020 esse
1065 1960 1181 2046 potest,
1197 1956 1229 2021 itt
1273 1966 1276 2033 ξ

135 2050 236 2125 etiam
256 2057 383 2143 spiritns
405 2074 479 2131 pum
503 2054 599 2133 filio.)
654 2054 770 2141 Neque
800 2067 925 2121 tanturn
946 2061 1049 2145 potest
1078 2061 1158 2139 elie,
1189 2054 1230 2122 ssd
1273 2048 1276 2057 ’

137 2150 237 2223 etiam
261 2153 399 2219 videtur.
452 2152 493 2218 In
511 2154 583 2218 Joh.
603 2154 626 2217 1.
648 2155 670 2217 l.
691 2154 742 2220 ed.
764 2156 806 2220 Η.
827 2181 860 2245 p.
882 2170 931 2228 57.
954 2171 993 2226 58
1014 2161 1082 2246 ipse
1105 2157 1232 2225 cancell

136 2250 312 2341 Origenes,
340 2257 451 2319 multis
472 2257 642 2341 scripturae
661 2257 684 2320 s.
698 2256 778 2321 locis
792 2256 833 2321 de
846 2260 955 2345 spiritu
969 2263 1076 2324 sancto
1088 2262 1232 2348 plusluu-

136 2361 224 2439 dari,
239 2379 335 2444 quarn
352 2355 392 2421 de
406 2358 473 2420 srlio
486 2360 591 2442 posse,
606 2368 639 2420 et
652 2356 877 2424 intuuxlv.
892 2383 925 2447 p.
936 2375 997 2430 218
1012 2362 1114 2447 (quod
1128 2361 1233 2427 dictum

136 2468 204 2546 jam
217 2464 308 2546 supra
318 2482 350 2545 p.
359 2468 421 2525 203
432 2458 666 2542 exscripsimus)
678 2461 746 2524 filio
759 2460 883 2523 ratione
895 2472 928 2524 et
936 2463 1035 2548 patria
1043 2474 1076 2525 at
1087 2476 1235 2528 creatum

136 2565 247 2630 habita
259 2561 404 2648 spiritum
417 2557 574 2644 adaequat
589 2561 644 2638 (cs.
658 2558 699 2624 de
712 2561 810 2649 princ.
826 2558 852 2640 Ι,
868 2570 897 2639 8,
911 2568 942 2627 4.
963 2585 996 2648 p.
1012 2568 1079 2644 61).
1105 2562 1238 2644 Accedit,

138 2663 226 2755 quod
242 2665 339 2726 etiarn
353 2657 399 2722 ad
415 2657 601 2744 spiritum
613 2661 790 2725 sanctum
804 2660 963 2742 Origenes
977 2686 1117 2750 preces
1130 2664 1237 2729 fudit.

52 2786 57 2801 ·
136 2756 187 2832 Ita
199 2764 312 2827 homil.
322 2761 348 2841 1,
360 2773 374 2825 1
392 2762 426 2821 in
434 2756 540 2823 Levit.
549 2760 613 2823 vol.
622 2759 666 2839 Π,
678 2766 737 2827 185
750 2762 847 2824 verba
859 2763 1105 2851 facitjamsnpra
1116 2771 1163 2855 (p.
1171 2770 1238 2847 sot)

137 2850 279 2944 laudata,
294 2874 328 2925 et
340 2863 395 2924 lib.
404 2860 429 2924 I.
441 2848 555 2923 comm.
564 2860 598 2921 in
611 2854 847 2953 epod-Roml.
862 2860 1240 2952 (videBinglramiOrigg.

137 2967 205 3031 vol.
219 2964 261 3028 Π.
284 2986 315 3049 p.
331 2966 385 3044 σο)
400 2962 540 3025 formula
555 2960 673 3023 utitur:
699 2960 792 3027 ”Nos
806 2975 931 3045 autem,
951 2967 1006 3053 qui
1021 2971 1146 3034 nnllam
1159 2992 1244 3035 crea-

138 3078 260 3141 turam,
284 3059 339 3125 sed
352 3075 494 3148 patrem,
517 3062 622 3124 lilium
638 3071 671 3123 et
682 3061 826 3149 spiritum
838 3064 980 3129 sanctum
994 3070 1132 3136 colimus
1142 3084 1177 3138 et
1188 3070 1244 3139 ad-

138 3183 277 3229 oramus.
287 3210 307 3241 ‚,
355 3163 523 3227 Praeterea
536 3162 671 3226 Basilius
688 3160 729 3226 de
745 3164 842 3249 spirit.
858 3166 954 3232 sanct.
975 3192 1001 3237 c.
1018 3184 1057 3239 29
1078 3175 1188 3240 locum
1207 3194 1246 3241 cx

77 3268 81 3275 '
139 3262 289 3347 origenis
306 3264 535 3327 commentario
549 3264 583 3326 in
595 3264 668 3329 Jolr.
684 3264 738 3344 (Τ.
754 3263 829 3344 vl.)
842 3265 935 3347 citat,
961 3270 1018 3332 ubi
1033 3272 1074 3336 de
1091 3277 1181 3341 cultu
1195 3288 1247 3341 tn·

139 3360 204 3431 tius
219 3363 370 3428 trinitatis
381 3364 414 3424 in
429 3363 578 3450 baptismi
593 3366 805 3429 celebratione
824 3363 918 3431 dicit:
948 3369 1007 3454 Τῷ
1026 3368 1250 3464 ἕμπαρέχοηι·

139 3487 259 3532 comos
280 3464 478 3551 apricosque
496 3463 558 3548 τῆς
578 3464 803 3551 προςκυνητῆς
819 3456 973 3551 τριάδος,
1000 3469 1058 3538 διὰ
1076 3476 1139 3561 τῆς
1150 3468 1249 3541 ἁμμά-

137 3576 229 3649 μὲως
255 3562 321 3628 τῶν
346 3557 555 3651 duratricem
575 3556 790 3649 χαρισμάτων
818 3560 921 3656 ἀρχὴν
947 3564 1017 3650 iicet
1043 3577 1102 3640 καὶ
1132 3570 1248 3665 πηγήν.

138 3666 264 3730 Verum
284 3664 408 3727 etiamsi
427 3664 506 3725 h'aec
526 3684 625 3748 pauca
646 3663 687 3728 da
705 3665 832 3755 spirims
847 3671 945 3733 sanni
966 3670 1157 3743 adoratione
1170 3679 1250 3743 dicta

138 3774 342 3835 momentum
360 3762 435 3826 dare
454 3776 631 3849 nequeant,
659 3776 768 3830 tamen
781 3788 858 3833 eum
871 3768 1004 3853 Origeni
1020 3775 1132 3843 Deum
1150 3784 1250 3861 luisse,

137 3863 269 3928 aliunde
294 3883 420 3951 quoque
438 3864 475 3925 stt
496 3864 676 3931 verifimile.
726 3868 857 3935 Etenim
880 3874 1011 3954 cogitari
1030 3881 1164 3965 nequit,
1190 3902 1250 3969 qna

139 3963 304 4042 decania,
324 3964 348 4025 si
363 3963 434 4050 quis
451 3964 555 4024 filiurn
569 3964 676 4029 Deum
693 3969 827 4054 habent,
847 3970 936 4038 idem
947 3977 1093 4064 spiritum
1110 3982 1251 4045 sanctum

139 4066 266 4148 (utpote
293 4084 390 4149 quem
412 4066 601 4145 singularem
629 4070 795 4151 personam
827 4076 891 4139 elle
918 4074 1043 4157 credat,
1079 4084 1253 4148 omnibus-

137 4180 203 4245 que
231 4166 382 4232 creaturis
414 4166 690 4253 praestantiorem)
724 4170 833 4244 Deum
867 4179 931 4244 effe
964 4190 1071 4265 neget,
1139 4184 1253 4272 Neque
