2572 4770
463 327 944 415 -<28'·--·;

582 398 591 450 l

92 500 233 591 sortasse
252 492 468 567 aduertam
487 523 595 588 usque¹
605 498 752 568 scholam
769 498 1025 590 gubernaverit,¹
1056 487 1172 567 samen

98 627 146 672 ne
158 600 192 669 id
216 601 356 690 quidem
369 603 529 675 continuo
544 625 642 690 agere
652 604 760 691 potuit
768 599 783 687 3'
811 615 947 671 enarrat
960 592 1050 667 enim
1063 602 1173 670 Euse-=

100 703 181 770 liius
197 703 233 770 h.
246 727 276 772 e.
291 704 417 788 V1‚3,
452 719 604 796 tempore
619 704 852 795 persecutionis
868 705 1068 772 Severianae
1080 724 1172 769 anno

106 805 225 877 cem.
244 808 416 874 nemiuem
433 805 660 877 Alexandriae
681 807 893 897 superfuisse,
924 808 983 895 qui
1000 807 1036 873 in
1057 804 1173 871 schola

107 906 225 973 nostra
239 898 391 991 doceret,
419 909 465 975 ita
485 922 524 976 ut
541 912 749 979 Pantaenum
767 912 939 1002 paulisper
962 907 1172 999 temporibus

110 1007 232 1103 oesslie
250 1012 387 1079 credere
407 1033 467 1077 noa
486 1008 647 1099 oporteat.
753 1018 762 1035 ‘
788 1006 791 1012 ¹

67 1166 73 1181 .
137 1158 142 1166 -
211 1111 349 1194 Cetera,
388 1134 474 1201 qaae
496 1113 536 1178 de
559 1117 728 1207 Pantaeno
745 1128 877 1183 veteres
900 1112 998 1179 nobis
1022 1112 1172 1200 relique-

76 1236 81 1247 ·
108 1223 207 1292 runt,
231 1211 314 1278 haee
330 1214 420 1281 sunt:
453 1202 672 1305 Quamquam
689 1219 805 1286 lloieae
825 1214 1172 1303 addictusdisciplinae

104 1311 254 1394 ’(ΕΠῙΘΒ·
269 1313 304 1389 h,
319 1338 348 1382 e.
367 1319 413 1400 V,
430 1341 492 1385 ao:
518 1311 584 1387 siro*
598 1311 780 1405 Φιλοσόφου
795 1313 919 1401 siparis
933 1315 999 1384 reis
1013 1316 1189 1403 nasset-¹

109 1435 169 1483 aad
194 1414 345 1481 Στωϊκόν
367 1410 569 1515 ὁρμῶμενοςς
600 1425 743 1491 Hieron·
769 1422 864 1487 catal.
895 1443 924 1485 o·
944 1417 1014 1487 56:
1053 1419 1173 1501 „Pan-

108 1527 228 1597 taenus
244 1517 360 1585 lloioae
377 1521 482 1588 sectae
500 1520 759 1613 philosophus;“
784 1521 829 1590 os.
843 1520 964 1590 Euseb.
978 1521 1105 1589 Chron.
1118 1519 1173 1585 ed.

107 1614 222 1687 auch.
241 1621 289 1699 Π,
308 1620 409 1709 295.)
431 1622 635 1703 (secundum
649 1626 842 1714 Philippum
860 1622 992 1691 Sideteu
1009 1613 1171 1705 Πυθαγό-

48 1744 51 1749 ·
108 1719 222 1810 paros),
248 1734 362 1789 tamen
384 1724 526 1804 (Euseb.
549 1727 583 1794 h.
596 1753 625 1795 e.
646 1743 680 1796 et
698 1729 838 1795 Hieron.
853 1724 959 1803 1111.)
978 1723 1173 1790 christianae

106 1820 269 1911 religioni
275 1826 358 1892 adeo
371 1840 480 1895 totum
500 1829 565 1895 sese
582 1831 671 1897 dedit
684 1830 747 1911 (de
761 1828 918 1905 sententia
930 1826 1065 1899 Eusebii
1084 1824 1173 1907 „deq

5 1929 11 1940 ‘
106 1921 187 2005 disse
200 1927 396 2017 perhibetur
404 1926 424 1985 ‘,‘
438 1962 489 1979 ·-
502 1925 601 2017 φασὶν
615 1932 705 2012 -),
730 1938 771 2021 ut,
780 1929 968 2017 longinquis
981 1925 1173 1993 nationibus

108 2032 273 2118 evangelii
292 2031 411 2099 Christi
433 2035 646 2122 praedicator
667 2032 836 2112 exstiterit,
865 2030 908 2095 ad
926 2029 1075 2111 Indiam,
1105 2029 1128 2093 i.
1141 2051 1172 2094 e.

63 2128 68 2139 ¹
106 2126 309 2199 Homeriam
322 2138 390 2200 live
401 2132 566 2201 Arabiam
582 2135 777 2200 orientalem
792 2130 856 2211 (cf.
872 2133 998 2219 quael.
1011 2133 1052 2197 C.
1067 2130 1171 2197 Thilo

108 2235 143 2300 S·
160 2234 206 2302 V.
225 2235 290 2299 hac
310 2235 351 2298 de
370 2256 409 2308 re
428 2235 510 2301 dixit
526 2236 562 2300 in
577 2235 671 2303 Aou's
691 2232 861 2313 Thomna,
897 2253 931 2325 p.
948 2233 1075 2322 loq-sq.
1094 2233 1170 2298 coll.

13 2402 19 2414 ,
106 2355 143 2423 p.
151 2335 296 2429 99sqq.)
311 2356 418 2421 usque
428 2337 626 2424 progressus.
647 2335 750 2409 ⁸Indis
764 2347 890 2416 autem,
912 2334 1074 2401 Eusebius
1089 2356 1173 2400 nar-

6 2442 13 2471 ⁸
87 2449 183 2514 sat,
220 2436 498 2505 Bartholomaeus
523 2439 702 2526 apostolus,
744 2450 783 2504 ut
802 2437 894 2502 fama
915 2441 957 2504 eil
983 2436 1172 2519 (λέγεται),

107 2541 321 2627 evangelium
342 2538 504 2607 Matthaei
520 2540 696 2607 Hebraicis
714 2540 938 2626 conscriptum
954 2538 1072 2607 litteris
1089 2528 1172 2605 reli-

25 2658 29 2665 ·
108 2655 247 2728 querat,
272 2640 361 2729 quod
375 2642 510 2727 quidem
524 2641 565 2735 ad
582 2642 638 2709 illa
658 2665 764 2729 usque
777 2657 931 2728 tempora
947 2640 1119 2709 servatum
1138 2654 1172 2708 et

44 2808 47 2817 ,
106 2763 129 2807 a
143 2745 314 2811 Pantaeno
338 2744 429 2833 apud
448 2745 608 2832 quosdam
630 2745 746 2812 Christi
759 2747 872 2812 notitia
890 2742 1171 2810 imbutoainven-

106 2858 181 2912 tum
202 2836 265 2913 else
285 2861 504 2916 memoratur.
558 2847 608 2913 Ita
623 2847 800 2929 Eusebius,
828 2848 923 2913 aliter
936 2848 1171 2935 Hieronymus

105 2947 143 3017 iu
158 2949 253 3015 catal.
267 2949 290 3014 1.
302 2947 341 3030 1.,
363 2948 420 3036 qui
431 2949 496 3015 hoo
508 2950 719 3036 evangelium
733 2952 912 3019 aPantano
924 2946 1171 3016 Alexandriam

108 3048 248 3117 allatum
268 3052 333 3116 effe
352 3049 460 3134 addit,
499 3053 552 3119 oui
566 3051 712 3119 Rufinus
733 3053 946 3141 adllipulatur
967 3052 1003 3117 in
1019 3054 1171 3118 versione

107 3152 315 3249 Eusebianae
333 3151 368 3217 h.
383 3176 411 3217 e.
427 3155 504 3233 1.1.,
533 3154 591 3220 ubi
604 3157 721 3222 vertite
752 3156 880 3244 „Quod
896 3152 990 3234 (er.)
1003 3174 1066 3240 per
1079 3151 1170 3217 idem

106 3251 347 3343 tempussnpra
358 3254 464 3324 dietus
471 3258 662 3324 Pantaenus
675 3272 847 3346 repertum
859 3250 1041 3325 detulerit‘f
1066 3252 1177 3339 Quod,

93 3355 339 3447 ,Hieronymus
356 3353 453 3444 (eum
464 3359 590 3427 Rufino
607 3361 746 3442 affeota)
760 3382 865 3450 aeque
883 3355 1074 3425 coniectura
1086 3357 1171 3420 affe-

108 3458 168 3547 qui
188 3459 297 3548 potuit
316 3472 415 3548 atque
433 3462 517 3527 illud
536 3465 724 3551 alloquutus
744 3466 806 3531 else
827 3460 976 3542 videtur,
1006 3457 1095 3546 quod
1109 3456 1132 3522 l.
1145 3459 1168 3523 1.

110 3563 167 3641 (et
180 3562 266 3651 epist.
281 3556 344 3641 83„
356 3562 399 3628 ad
414 3565 578 3651 Magnum
592 3587 670 3655 opp.
684 3579 706 3632 t.
719 3569 781 3636 lv.
796 3567 833 3632 Ρ.
851 3566 891 3631 11.
912 3583 946 3651 p.
961 3558 1056 3641 656)
1068 3560 1170 3627 enar-

66 3684 69 3689 ·
107 3676 181 3742 rat,
212 3664 422 3730 aDemetrio
446 3666 599 3754 episcopo
625 3682 769 3755 „rogato
789 3666 832 3732 ab
849 3663 937 3731 illius
954 3664 1059 3749 gentis
1077 3664 1170 3748 lega-

108 3762 177 3831 tia⁴⁴
196 3768 404 3833 Pantaenum
421 3768 463 3832 ad
477 3769 578 3835 ludos
592 3770 657 3834 esso
670 3772 813 3838 missum.
863 3767 1036 3833 Etenimfi
1055 3765 1172 3830 nobis-

82 3920 87 3927 .
111 3886 190 3933 oum
210 3869 494 3956 reputaverimus,
526 3870 724 3955 Eusebium,
755 3871 814 3938 ubi
832 3868 872 3935 do
887 3868 1049 3936 Pantaeni
1067 3890 1173 3956 prae-

109 3966 242 4034 fectura
257 3969 387 4035 scholae
406 3972 570 4059 loquitur,
606 3973 640 4040 h.
657 3999 685 4039 e.
706 3974 763 4042 lib.
772 3976 817 4042 V.
837 3971 951 4061 capitis
973 3969 1093 4037 decimi
1115 3972 1170 4035 iu·
1200 4034 1203 4039 .

83 4104 89 4139 ι
108 4068 169 4139 itio
192 4084 224 4136 et
247 4071 315 4137 iiue
339 4073 442 4152 (dum
460 4075 494 4139 in
514 4075 623 4142 medio
634 4077 702 4143 hoo
722 4078 829 4166 cupite
849 4075 889 4139 de
905 4077 964 4143 illo
977 4074 1097 4141 itinere
1114 4073 1171 4136 su-

110 4172 221 4263 scepto
235 4172 380 4255 disserit)
395 4198 500 4244 unum
517 4178 683 4268 idemque,
708 4202 775 4271 quo
788 4178 817 4247 ia
829 4176 960 4245 scholae
974 4174 1172 4266 praefuerit,

360 4442 364 4447 ’
449 4448 471 4495 b
