<?xml version="1.0" encoding="UTF-8"?>
<!DOCTYPE html PUBLIC "-//W3C//DTD XHTML 1.0 Transitional//EN"
    "http://www.w3.org/TR/xhtml1/DTD/xhtml1-transitional.dtd">
<html xmlns="http://www.w3.org/1999/xhtml" xml:lang="en" lang="en">
 <head>
  <title>
</title>
<meta http-equiv="Content-Type" content="text/html;charset=utf-8" />
  <meta name='ocr-system' content='tesseract 3.04.00' />
  <meta name='ocr-capabilities' content='ocr_page ocr_carea ocr_par ocr_line ocrx_word'/>
</head>
<body>
  <div class='ocr_page' id='page_1' title='image "./descholaquaeale00guergoog/descholaquaeale00guergoog_0241.png"; bbox 0 0 2572 4770; ppageno 0'>
   <div class='ocr_carea' id='block_1_1' title="bbox 43 174 1063 327">
    <p class='ocr_par' dir='ltr' id='par_1_1' title="bbox 43 174 1063 327">
     <span class='ocr_line' id='line_1_1' title="bbox 43 174 1063 327; baseline -0.011 -18"><span class='ocrx_word' id='word_1_1' title='bbox 43 230 99 271; x_wconf 76' lang='grc'>·“·</span> <span class='ocrx_word' id='word_1_2' title='bbox 144 228 195 327; x_wconf 76' lang='lat' dir='ltr'>ct</span> <span class='ocrx_word' id='word_1_3' title='bbox 453 230 558 325; x_wconf 71' lang='lat' dir='ltr'>cap.</span> <span class='ocrx_word' id='word_1_4' title='bbox 575 230 628 302; x_wconf 83' lang='lat'>11.</span> <span class='ocrx_word' id='word_1_5' title='bbox 652 229 939 305; x_wconf 68' lang='lat' dir='ltr'>flammea.</span> <span class='ocrx_word' id='word_1_6' title='bbox 1060 174 1063 179; x_wconf 33' lang='lat'>⁵</span> 
     </span>
    </p>
   </div>
   <div class='ocr_carea' id='block_1_2' title="bbox 27 405 1264 2521">
    <p class='ocr_par' dir='ltr' id='par_1_2' title="bbox 27 405 1264 1211">
     <span class='ocr_line' id='line_1_2' title="bbox 115 405 1264 502; baseline -0.003 -21"><span class='ocrx_word' id='word_1_7' title='bbox 115 444 118 449; x_wconf 94' lang='lat'>·</span> <span class='ocrx_word' id='word_1_8' title='bbox 142 413 250 495; x_wconf 77' lang='lat' dir='ltr'>ravit,</span> <span class='ocrx_word' id='word_1_9' title='bbox 280 410 392 502; x_wconf 79' lang='lat' dir='ltr'>qni&#39;in</span> <span class='ocrx_word' id='word_1_10' title='bbox 408 433 482 479; x_wconf 81' lang='lat' dir='ltr'>enm</span> <span class='ocrx_word' id='word_1_11' title='bbox 500 411 627 479; x_wconf 79' lang='lat' dir='ltr'>admisti</span> <span class='ocrx_word' id='word_1_12' title='bbox 646 414 735 495; x_wconf 82' lang='lat' dir='ltr'>ient,</span> <span class='ocrx_word' id='word_1_13' title='bbox 762 413 870 495; x_wconf 85' lang='lat' dir='ltr'>imago</span> <span class='ocrx_word' id='word_1_14' title='bbox 887 420 955 477; x_wconf 88' lang='lat' dir='ltr'>erat</span> <span class='ocrx_word' id='word_1_15' title='bbox 974 405 1182 476; x_wconf 73' lang='lat' dir='ltr'>venerandae</span> <span class='ocrx_word' id='word_1_16' title='bbox 1202 429 1264 477; x_wconf 76' lang='lat' dir='ltr'>et·</span> 
     </span>
     <span class='ocr_line' id='line_1_3' title="bbox 142 512 1261 602; baseline -0.003 -21"><span class='ocrx_word' id='word_1_17' title='bbox 142 516 436 599; x_wconf 62' lang='lat' dir='ltr'>demoratione,</span> <span class='ocrx_word' id='word_1_18' title='bbox 456 536 539 602; x_wconf 81' lang='lat' dir='ltr'>quae</span> <span class='ocrx_word' id='word_1_19' title='bbox 550 513 627 580; x_wconf 86' lang='lat' dir='ltr'>inde</span> <span class='ocrx_word' id='word_1_20' title='bbox 641 518 734 581; x_wconf 80' lang='lat' dir='ltr'>nobie</span> <span class='ocrx_word' id='word_1_21' title='bbox 748 518 809 596; x_wconf 83' lang='lat' dir='ltr'>eit,</span> <span class='ocrx_word' id='word_1_22' title='bbox 823 514 899 601; x_wconf 79' lang='lat' dir='ltr'>spei.</span> <span class='ocrx_word' id='word_1_23' title='bbox 941 512 984 577; x_wconf 90' lang='lat' dir='ltr'>Et</span> <span class='ocrx_word' id='word_1_24' title='bbox 996 514 1163 592; x_wconf 86' lang='lat' dir='ltr'>columba,</span> <span class='ocrx_word' id='word_1_25' title='bbox 1177 534 1261 600; x_wconf 82' lang='lat' dir='ltr'>qnae</span> 
     </span>
     <span class='ocr_line' id='line_1_4' title="bbox 142 602 1259 697; baseline -0.001 -17"><span class='ocrx_word' id='word_1_26' title='bbox 142 637 270 697; x_wconf 80' lang='lat' dir='ltr'>ramum</span> <span class='ocrx_word' id='word_1_27' title='bbox 284 617 389 682; x_wconf 79' lang='lat' dir='ltr'>olivae</span> <span class='ocrx_word' id='word_1_28' title='bbox 402 618 437 681; x_wconf 91' lang='lat' dir='ltr'>in</span> <span class='ocrx_word' id='word_1_29' title='bbox 450 602 659 696; x_wconf 60' lang='lat' dir='ltr'>arcnm&#39;tuiit,</span> <span class='ocrx_word' id='word_1_30' title='bbox 680 638 716 681; x_wconf 87' lang='lat' dir='ltr'>ac</span> <span class='ocrx_word' id='word_1_31' title='bbox 729 617 854 680; x_wconf 79' lang='lat' dir='ltr'>telluris</span> <span class='ocrx_word' id='word_1_32' title='bbox 864 613 1080 679; x_wconf 87' lang='lat' dir='ltr'>detectionem</span> <span class='ocrx_word' id='word_1_33' title='bbox 1092 613 1259 696; x_wconf 74' lang='lat' dir='ltr'>indicarit,</span> 
     </span>
     <span class='ocr_line' id='line_1_5' title="bbox 141 706 1259 807; baseline 0 -24"><span class='ocrx_word' id='word_1_34' title='bbox 141 706 270 807; x_wconf 76' lang='lat' dir='ltr'>ipiritue</span> <span class='ocrx_word' id='word_1_35' title='bbox 291 718 389 799; x_wconf 74' lang='lat' dir='ltr'>sancti</span> <span class='ocrx_word' id='word_1_36' title='bbox 406 716 582 782; x_wconf 76' lang='lat' dir='ltr'>adrentum</span> <span class='ocrx_word' id='word_1_37' title='bbox 601 717 794 799; x_wconf 84' lang='lat' dir='ltr'>fignificebat</span> <span class='ocrx_word' id='word_1_38' title='bbox 814 715 1046 801; x_wconf 78' lang='lat' dir='ltr'>coelestemque</span> <span class='ocrx_word' id='word_1_39' title='bbox 1066 718 1259 783; x_wconf 74' lang='lat' dir='ltr'>reconcilie-</span> 
     </span>
     <span class='ocr_line' id='line_1_6' title="bbox 141 811 1258 903; baseline -0.001 -18"><span class='ocrx_word' id='word_1_40' title='bbox 141 811 284 900; x_wconf 73' lang='lat' dir='ltr'>tionem,</span> <span class='ocrx_word' id='word_1_41' title='bbox 310 821 491 902; x_wconf 78' lang='lat' dir='ltr'>symbolum</span> <span class='ocrx_word' id='word_1_42' title='bbox 508 819 596 883; x_wconf 86' lang='lat' dir='ltr'>enirn</span> <span class='ocrx_word' id='word_1_43' title='bbox 615 818 702 903; x_wconf 80' lang='lat' dir='ltr'>pecie</span> <span class='ocrx_word' id='word_1_44' title='bbox 722 819 768 881; x_wconf 83' lang='lat' dir='ltr'>eit</span> <span class='ocrx_word' id='word_1_45' title='bbox 786 836 834 881; x_wconf 87' lang='lat' dir='ltr'>ea.</span> <span class='ocrx_word' id='word_1_46' title='bbox 870 811 1082 896; x_wconf 78' lang='lat' dir='ltr'>&#39;Quinetiam</span> <span class='ocrx_word' id='word_1_47' title='bbox 1096 838 1258 883; x_wconf 79' lang='lat' dir='ltr'>maroru-</span> 
     </span>
     <span class='ocr_line' id='line_1_7' title="bbox 141 915 1258 1008; baseline -0.003 -22"><span class='ocrx_word' id='word_1_48' title='bbox 141 923 254 1003; x_wconf 80' lang='lat' dir='ltr'>brom,</span> <span class='ocrx_word' id='word_1_49' title='bbox 287 919 373 1008; x_wconf 89' lang='lat' dir='ltr'>quod</span> <span class='ocrx_word' id='word_1_50' title='bbox 397 940 454 984; x_wconf 80' lang='lat' dir='ltr'>eos</span> <span class='ocrx_word' id='word_1_51' title='bbox 473 919 636 985; x_wconf 79' lang='lat' dir='ltr'>Ierae&#39;litae</span> <span class='ocrx_word' id='word_1_52' title='bbox 656 919 802 1004; x_wconf 80' lang='lat' dir='ltr'><strong>excepit,</strong></span> <span class='ocrx_word' id='word_1_53' title='bbox 821 915 877 1004; x_wconf 87' lang='lat' dir='ltr'>qni</span> <span class='ocrx_word' id='word_1_54' title='bbox 891 937 996 1003; x_wconf 87' lang='lat' dir='ltr'>neque</span> <span class='ocrx_word' id='word_1_55' title='bbox 1010 918 1166 1006; x_wconf 70' lang='lat' dir='ltr'><strong>ancipites</strong></span> <span class='ocrx_word' id='word_1_56' title='bbox 1179 922 1258 983; x_wconf 78' lang='lat' dir='ltr'>fne-</span> 
     </span>
     <span class='ocr_line' id='line_1_8' title="bbox 66 1016 1258 1107; baseline -0.004 -19"><span class='ocrx_word' id='word_1_57' title='bbox 66 1070 69 1077; x_wconf 81' lang='lat'>·</span> <span class='ocrx_word' id='word_1_58' title='bbox 132 1033 235 1101; x_wconf 72' lang='grc' dir='ltr'>ἠυῐ,</span> <span class='ocrx_word' id='word_1_59' title='bbox 267 1042 374 1107; x_wconf 82' lang='lat' dir='ltr'>neque</span> <span class='ocrx_word' id='word_1_60' title='bbox 392 1022 428 1083; x_wconf 90' lang='lat' dir='ltr'>in</span> <span class='ocrx_word' id='word_1_61' title='bbox 450 1022 571 1084; x_wconf 88' lang='lat' dir='ltr'>incerto</span> <span class='ocrx_word' id='word_1_62' title='bbox 590 1016 810 1097; x_wconf 87' lang='lat' dir='ltr'>crediderunt,</span> <span class='ocrx_word' id='word_1_63' title='bbox 844 1016 994 1105; x_wconf 87' lang='lat' dir='ltr'>quodque</span> <span class='ocrx_word' id='word_1_64' title='bbox 1012 1018 1088 1083; x_wconf 82' lang='lat' dir='ltr'>illor</span> <span class='ocrx_word' id='word_1_65' title='bbox 1111 1020 1258 1103; x_wconf 70' lang='lat' dir='ltr'>amelio,</span> 
     </span>
     <span class='ocr_line' id='line_1_9' title="bbox 27 1120 1257 1211; baseline -0.002 -25"><span class='ocrx_word' id='word_1_66' title='bbox 27 1194 32 1209; x_wconf 83' lang='lat'>..</span> <span class='ocrx_word' id='word_1_67' title='bbox 140 1143 224 1211; x_wconf 70' lang='lat' dir='ltr'>qnae</span> <span class='ocrx_word' id='word_1_68' title='bbox 235 1122 309 1209; x_wconf 81' lang='lat' dir='ltr'>ipiir</span> <span class='ocrx_word' id='word_1_69' title='bbox 320 1122 356 1183; x_wconf 91' lang='lat' dir='ltr'>in</span> <span class='ocrx_word' id='word_1_70' title='bbox 364 1120 516 1207; x_wconf 82' lang='lat' dir='ltr'>Aegypto</span> <span class='ocrx_word' id='word_1_71' title='bbox 528 1120 724 1184; x_wconf 84' lang='lat' dir='ltr'>nl&#39;haraone</span> <span class='ocrx_word' id='word_1_72' title='bbox 737 1122 869 1205; x_wconf 79' lang='lat' dir='ltr'>ejusque</span> <span class='ocrx_word' id='word_1_73' title='bbox 881 1121 1023 1186; x_wconf 83' lang='lat' dir='ltr'>exercitu</span> <span class='ocrx_word' id='word_1_74' title='bbox 1031 1120 1257 1202; x_wconf 84' lang='lat' dir='ltr'>imminebant,</span> 
     </span>
    </p>

    <p class='ocr_par' dir='ltr' id='par_1_3' title="bbox 135 1219 1258 2521">
     <span class='ocr_line' id='line_1_10' title="bbox 140 1219 1258 1309; baseline -0.002 -22"><span class='ocrx_word' id='word_1_75' title='bbox 140 1222 307 1302; x_wconf 81' lang='lat' dir='ltr'>liberavit,</span> <span class='ocrx_word' id='word_1_76' title='bbox 332 1233 429 1307; x_wconf 86' lang='lat' dir='ltr'>atque</span> <span class='ocrx_word' id='word_1_77' title='bbox 449 1220 530 1285; x_wconf 86' lang='lat' dir='ltr'>adeo</span> <span class='ocrx_word' id='word_1_78' title='bbox 550 1232 618 1284; x_wconf 88' lang='lat' dir='ltr'>tota</span> <span class='ocrx_word' id='word_1_79' title='bbox 637 1223 733 1301; x_wconf 80' lang='lat' dir='ltr'>fugae</span> <span class='ocrx_word' id='word_1_80' title='bbox 751 1221 882 1285; x_wconf 85' lang='lat' dir='ltr'>illorum</span> <span class='ocrx_word' id='word_1_81' title='bbox 901 1221 1107 1309; x_wconf 64' lang='lat' dir='ltr'>eergnto</span> <span class='ocrx_word' id='word_1_82' title='bbox 1124 1219 1258 1285; x_wconf 72' lang='lat' dir='ltr'>historin</span> 
     </span>
     <span class='ocr_line' id='line_1_11' title="bbox 136 1320 1257 1411; baseline -0.002 -24"><span class='ocrx_word' id='word_1_83' title='bbox 136 1336 238 1411; x_wconf 72' lang='lat' dir='ltr'>typus</span> <span class='ocrx_word' id='word_1_84' title='bbox 261 1333 330 1385; x_wconf 88' lang='lat' dir='ltr'>eret</span> <span class='ocrx_word' id='word_1_85' title='bbox 347 1322 472 1402; x_wconf 76' lang='lat' dir='ltr'>fnlufie,</span> <span class='ocrx_word' id='word_1_86' title='bbox 507 1342 603 1408; x_wconf 89' lang='lat' dir='ltr'>qunm</span> <span class='ocrx_word' id='word_1_87' title='bbox 624 1324 660 1385; x_wconf 90' lang='lat' dir='ltr'>in</span> <span class='ocrx_word' id='word_1_88' title='bbox 678 1323 835 1408; x_wconf 70' lang='lat' dir='ltr'>baptismo</span> <span class='ocrx_word' id='word_1_89' title='bbox 856 1323 1088 1409; x_wconf 74' lang='lat' dir='ltr'>consequimur.</span> <span class='ocrx_word' id='word_1_90' title='bbox 1142 1320 1257 1405; x_wconf 80' lang='lat' dir='ltr'>Signi-</span> 
     </span>
     <span class='ocr_line' id='line_1_12' title="bbox 139 1421 1257 1510; baseline -0.002 -19"><span class='ocrx_word' id='word_1_91' title='bbox 139 1427 254 1491; x_wconf 69' lang='lat' dir='ltr'>traho</span> <span class='ocrx_word' id='word_1_92' title='bbox 283 1424 372 1488; x_wconf 89' lang='lat' dir='ltr'>enim</span> <span class='ocrx_word' id='word_1_93' title='bbox 399 1422 569 1508; x_wconf 78' lang='lat' dir='ltr'><strong>Aegyptus</strong></span> <span class='ocrx_word' id='word_1_94' title='bbox 594 1421 774 1502; x_wconf 89' lang='lat' dir='ltr'>mundum,</span> <span class='ocrx_word' id='word_1_95' title='bbox 812 1424 846 1487; x_wconf 93' lang='lat' dir='ltr'>in</span> <span class='ocrx_word' id='word_1_96' title='bbox 872 1445 953 1510; x_wconf 89' lang='lat' dir='ltr'>quo,</span> <span class='ocrx_word' id='word_1_97' title='bbox 995 1424 1054 1488; x_wconf 82' lang='lat' dir='ltr'>niti</span> <span class='ocrx_word' id='word_1_98' title='bbox 1082 1435 1170 1489; x_wconf 77' lang='lat' dir='ltr'>recte</span> <span class='ocrx_word' id='word_1_99' title='bbox 1199 1425 1257 1489; x_wconf 75' lang='lat' dir='ltr'>vi-</span> 
     </span>
     <span class='ocr_line' id='line_1_13' title="bbox 135 1524 1257 1612; baseline -0.002 -21"><span class='ocrx_word' id='word_1_100' title='bbox 135 1545 270 1609; x_wconf 66' lang='lat' dir='ltr'>tamne,</span> <span class='ocrx_word' id='word_1_101' title='bbox 299 1525 384 1588; x_wconf 90' lang='lat' dir='ltr'>male</span> <span class='ocrx_word' id='word_1_102' title='bbox 401 1524 568 1587; x_wconf 80' lang='lat' dir='ltr'>nobiscnm</span> <span class='ocrx_word' id='word_1_103' title='bbox 588 1525 708 1607; x_wconf 86' lang='lat' dir='ltr'>egitur,</span> <span class='ocrx_word' id='word_1_104' title='bbox 736 1527 876 1611; x_wconf 75' lang='lat' dir='ltr'>populus</span> <span class='ocrx_word' id='word_1_105' title='bbox 896 1537 1005 1591; x_wconf 86' lang='lat' dir='ltr'>antem</span> <span class='ocrx_word' id='word_1_106' title='bbox 1023 1545 1100 1604; x_wconf 78' lang='lat' dir='ltr'>eoo,</span> <span class='ocrx_word' id='word_1_107' title='bbox 1122 1524 1178 1612; x_wconf 84' lang='lat' dir='ltr'>qui</span> <span class='ocrx_word' id='word_1_108' title='bbox 1191 1526 1257 1589; x_wconf 84' lang='lat' dir='ltr'>be-</span> 
     </span>
     <span class='ocr_line' id='line_1_14' title="bbox 138 1624 1256 1715; baseline -0.001 -24"><span class='ocrx_word' id='word_1_109' title='bbox 138 1629 258 1715; x_wconf 77' lang='lat' dir='ltr'>ptiemo</span> <span class='ocrx_word' id='word_1_110' title='bbox 291 1647 375 1687; x_wconf 89' lang='lat' dir='ltr'>nunc</span> <span class='ocrx_word' id='word_1_111' title='bbox 402 1624 641 1706; x_wconf 72' lang='lat' dir='ltr'>illuminantur,</span> <span class='ocrx_word' id='word_1_112' title='bbox 683 1646 802 1711; x_wconf 86' lang='lat' dir='ltr'>aquae,</span> <span class='ocrx_word' id='word_1_113' title='bbox 844 1646 926 1712; x_wconf 90' lang='lat' dir='ltr'>quae</span> <span class='ocrx_word' id='word_1_114' title='bbox 952 1627 1073 1712; x_wconf 85' lang='lat' dir='ltr'>populo</span> <span class='ocrx_word' id='word_1_115' title='bbox 1096 1627 1256 1691; x_wconf 77' lang='lat' dir='ltr'>securite-</span> 
     </span>
     <span class='ocr_line' id='line_1_15' title="bbox 137 1724 1256 1817; baseline 0.004 -27"><span class='ocrx_word' id='word_1_116' title='bbox 137 1728 182 1817; x_wconf 68' lang='lat' dir='ltr'>tir</span> <span class='ocrx_word' id='word_1_117' title='bbox 199 1727 302 1790; x_wconf 77' lang='lat' dir='ltr'>veluti</span> <span class='ocrx_word' id='word_1_118' title='bbox 312 1724 514 1791; x_wconf 77' lang='lat' dir='ltr'>mediatrices</span> <span class='ocrx_word' id='word_1_119' title='bbox 531 1728 681 1806; x_wconf 81' lang='lat' dir='ltr'>fuerunt,</span> <span class='ocrx_word' id='word_1_120' title='bbox 707 1727 902 1812; x_wconf 81' lang='lat' dir='ltr'>baptismum</span> <span class='ocrx_word' id='word_1_121' title='bbox 921 1724 1142 1809; x_wconf 81' lang='lat' dir='ltr'>defignabant,</span> <span class='ocrx_word' id='word_1_122' title='bbox 1161 1726 1256 1793; x_wconf 69' lang='lat' dir='ltr'>rtr-</span> 
     </span>
     <span class='ocr_line' id='line_1_16' title="bbox 138 1824 1254 1914; baseline 0.002 -23"><span class='ocrx_word' id='word_1_123' title='bbox 138 1848 196 1903; x_wconf 71' lang='lat' dir='ltr'>aao</span> <span class='ocrx_word' id='word_1_124' title='bbox 229 1849 266 1892; x_wconf 88' lang='lat' dir='ltr'>nc</span> <span class='ocrx_word' id='word_1_125' title='bbox 299 1828 420 1891; x_wconf 79' lang='lat' dir='ltr'>militer</span> <span class='ocrx_word' id='word_1_126' title='bbox 447 1826 599 1891; x_wconf 76' lang='lat' dir='ltr'>satanam</span> <span class='ocrx_word' id='word_1_127' title='bbox 634 1831 770 1914; x_wconf 81' lang='lat' dir='ltr'>ejusque</span> <span class='ocrx_word' id='word_1_128' title='bbox 803 1826 981 1906; x_wconf 79' lang='lat' dir='ltr'>ministros,</span> <span class='ocrx_word' id='word_1_129' title='bbox 1024 1824 1130 1892; x_wconf 72' lang='lat' dir='ltr'>Moses</span> <span class='ocrx_word' id='word_1_130' title='bbox 1161 1848 1254 1910; x_wconf 74' lang='lat' dir='ltr'>vero,</span> 
     </span>
     <span class='ocr_line' id='line_1_17' title="bbox 137 1927 1254 2017; baseline 0.003 -24"><span class='ocrx_word' id='word_1_131' title='bbox 137 1929 195 2017; x_wconf 72' lang='lat' dir='ltr'>qni</span> <span class='ocrx_word' id='word_1_132' title='bbox 216 1948 358 1991; x_wconf 84' lang='lat' dir='ltr'>amaram</span> <span class='ocrx_word' id='word_1_133' title='bbox 380 1951 495 2016; x_wconf 87' lang='lat' dir='ltr'>equam</span> <span class='ocrx_word' id='word_1_134' title='bbox 518 1930 607 2010; x_wconf 84' lang='lat' dir='ltr'>virga</span> <span class='ocrx_word' id='word_1_135' title='bbox 626 1930 740 1991; x_wconf 86' lang='lat' dir='ltr'>utilem</span> <span class='ocrx_word' id='word_1_136' title='bbox 759 1928 853 2007; x_wconf 79' lang='lat' dir='ltr'>fecit,</span> <span class='ocrx_word' id='word_1_137' title='bbox 886 1928 1020 1991; x_wconf 81' lang='lat' dir='ltr'>salutem</span> <span class='ocrx_word' id='word_1_138' title='bbox 1038 1927 1254 1996; x_wconf 76' lang='lat' dir='ltr'>universalem</span> 
     </span>
     <span class='ocr_line' id='line_1_18' title="bbox 136 2026 1253 2121; baseline 0 -26"><span class='ocrx_word' id='word_1_139' title='bbox 136 2032 395 2121; x_wconf 74' lang='lat' dir='ltr'>praenunciabat.</span> <span class='ocrx_word' id='word_1_140' title='bbox 453 2031 524 2117; x_wconf 83' lang='lat' dir='ltr'>lpse</span> <span class='ocrx_word' id='word_1_141' title='bbox 558 2030 646 2093; x_wconf 88' lang='lat' dir='ltr'>enim</span> <span class='ocrx_word' id='word_1_142' title='bbox 676 2041 790 2116; x_wconf 85' lang='lat' dir='ltr'>typum</span> <span class='ocrx_word' id='word_1_143' title='bbox 823 2029 952 2107; x_wconf 80' lang='lat' dir='ltr'>gerebat</span> <span class='ocrx_word' id='word_1_144' title='bbox 985 2026 1123 2109; x_wconf 77' lang='lat' dir='ltr'>Christi,</span> <span class='ocrx_word' id='word_1_145' title='bbox 1161 2032 1253 2113; x_wconf 76' lang='lat' dir='ltr'>virga</span> 
     </span>
     <span class='ocr_line' id='line_1_19' title="bbox 137 2127 1254 2219; baseline -0.004 -22"><span class='ocrx_word' id='word_1_146' title='bbox 137 2135 256 2213; x_wconf 80' lang='lat' dir='ltr'>crucic3</span> <span class='ocrx_word' id='word_1_147' title='bbox 284 2154 366 2219; x_wconf 79' lang='lat' dir='ltr'>equo</span> <span class='ocrx_word' id='word_1_148' title='bbox 386 2144 495 2196; x_wconf 85' lang='lat' dir='ltr'>entem</span> <span class='ocrx_word' id='word_1_149' title='bbox 514 2152 620 2194; x_wconf 87' lang='lat' dir='ltr'>amara</span> <span class='ocrx_word' id='word_1_150' title='bbox 639 2129 838 2193; x_wconf 78' lang='lat' dir='ltr'>benedictam</span> <span class='ocrx_word' id='word_1_151' title='bbox 858 2127 994 2213; x_wconf 82' lang='lat' dir='ltr'>piscinae</span> <span class='ocrx_word' id='word_1_152' title='bbox 1012 2149 1130 2216; x_wconf 83' lang='lat' dir='ltr'>aquam</span> <span class='ocrx_word' id='word_1_153' title='bbox 1152 2153 1254 2217; x_wconf 80' lang='lat' dir='ltr'>pree-</span> 
     </span>
     <span class='ocr_line' id='line_1_20' title="bbox 137 2220 1253 2318; baseline -0.001 -21"><span class='ocrx_word' id='word_1_154' title='bbox 137 2235 348 2311; x_wconf 79' lang='lat' dir='ltr'>monstrabat3</span> <span class='ocrx_word' id='word_1_155' title='bbox 370 2253 452 2318; x_wconf 89' lang='lat' dir='ltr'>qnae</span> <span class='ocrx_word' id='word_1_156' title='bbox 465 2252 548 2316; x_wconf 86' lang='lat' dir='ltr'>aqua</span> <span class='ocrx_word' id='word_1_157' title='bbox 562 2232 650 2293; x_wconf 84' lang='lat' dir='ltr'>utilis</span> <span class='ocrx_word' id='word_1_158' title='bbox 664 2229 795 2316; x_wconf 78' lang='lat' dir='ltr'>qnidam</span> <span class='ocrx_word' id='word_1_159' title='bbox 807 2226 978 2313; x_wconf 83' lang='lat' dir='ltr'>aliquando</span> <span class='ocrx_word' id='word_1_160' title='bbox 992 2220 1058 2293; x_wconf 83' lang='lat' dir='ltr'>visa</span> <span class='ocrx_word' id='word_1_161' title='bbox 1070 2233 1115 2295; x_wconf 79' lang='lat' dir='ltr'>est</span> <span class='ocrx_word' id='word_1_162' title='bbox 1127 2229 1253 2296; x_wconf 75' lang='lat' dir='ltr'>tutte-</span> 
     </span>
     <span class='ocr_line' id='line_1_21' title="bbox 137 2327 1251 2411; baseline 0.002 -14"><span class='ocrx_word' id='word_1_163' title='bbox 137 2334 241 2411; x_wconf 84' lang='lat' dir='ltr'>libus,</span> <span class='ocrx_word' id='word_1_164' title='bbox 276 2329 425 2395; x_wconf 82' lang='lat' dir='ltr'>fidelibne</span> <span class='ocrx_word' id='word_1_165' title='bbox 445 2352 523 2393; x_wconf 82' lang='lat' dir='ltr'>vero</span> <span class='ocrx_word' id='word_1_166' title='bbox 544 2329 632 2392; x_wconf 80' lang='lat' dir='ltr'>utilia</span> <span class='ocrx_word' id='word_1_167' title='bbox 654 2327 694 2390; x_wconf 88' lang='lat' dir='ltr'>ad</span> <span class='ocrx_word' id='word_1_168' title='bbox 716 2349 847 2392; x_wconf 90' lang='lat' dir='ltr'>omnem</span> <span class='ocrx_word' id='word_1_169' title='bbox 865 2331 1137 2411; x_wconf 75' lang='lat' dir='ltr'>refrigerationem</span> <span class='ocrx_word' id='word_1_170' title='bbox 1155 2356 1251 2399; x_wconf 87' lang='lat' dir='ltr'>com-</span> 
     </span>
     <span class='ocr_line' id='line_1_22' title="bbox 135 2429 1257 2521; baseline 0.004 -26"><span class='ocrx_word' id='word_1_171' title='bbox 135 2444 227 2521; x_wconf 78' lang='lat' dir='ltr'>perta</span> <span class='ocrx_word' id='word_1_172' title='bbox 248 2434 310 2510; x_wconf 77' lang='lat' dir='ltr'>eit,</span> <span class='ocrx_word' id='word_1_173' title='bbox 341 2444 375 2494; x_wconf 92' lang='lat' dir='ltr'>et</span> <span class='ocrx_word' id='word_1_174' title='bbox 395 2444 549 2516; x_wconf 85' lang='lat' dir='ltr'>tanquam</span> <span class='ocrx_word' id='word_1_175' title='bbox 566 2452 620 2493; x_wconf 83' lang='lat' dir='ltr'>ros</span> <span class='ocrx_word' id='word_1_176' title='bbox 636 2429 782 2492; x_wconf 80' lang='lat' dir='ltr'>Aiirmon</span> <span class='ocrx_word' id='word_1_177' title='bbox 802 2430 996 2496; x_wconf 72' lang='lat' dir='ltr'>descendens</span> <span class='ocrx_word' id='word_1_178' title='bbox 1012 2434 1110 2520; x_wconf 78' lang='lat' dir='ltr'>inpar</span> <span class='ocrx_word' id='word_1_179' title='bbox 1121 2449 1257 2503; x_wconf 70' lang='lat' dir='ltr'>muta»</span> 
     </span>
    </p>
   </div>
   <div class='ocr_carea' id='block_1_3' title="bbox 7 2528 1251 2616">
    <p class='ocr_par' dir='ltr' id='par_1_4' title="bbox 7 2528 1251 2616">
     <span class='ocr_line' id='line_1_23' title="bbox 7 2528 1251 2616; baseline 0.006 -21"><span class='ocrx_word' id='word_1_180' title='bbox 7 2556 16 2585; x_wconf 69' lang='grc' dir='ltr'><em>ι</em></span> <span class='ocrx_word' id='word_1_181' title='bbox 137 2532 226 2597; x_wconf 81' lang='lat' dir='ltr'>Sion.</span> <span class='ocrx_word' id='word_1_182' title='bbox 270 2528 335 2594; x_wconf 85' lang='lat' dir='ltr'>Sed</span> <span class='ocrx_word' id='word_1_183' title='bbox 347 2531 429 2593; x_wconf 86' lang='lat' dir='ltr'>liber</span> <span class='ocrx_word' id='word_1_184' title='bbox 445 2550 572 2616; x_wconf 88' lang='lat' dir='ltr'>quoque</span> <span class='ocrx_word' id='word_1_185' title='bbox 586 2551 757 2610; x_wconf 88' lang='lat' dir='ltr'>regnorum</span> <span class='ocrx_word' id='word_1_186' title='bbox 769 2533 967 2596; x_wconf 86' lang='lat' dir='ltr'>luculentum</span> <span class='ocrx_word' id='word_1_187' title='bbox 980 2536 1073 2599; x_wconf 89' lang='lat' dir='ltr'>nobie</span> <span class='ocrx_word' id='word_1_188' title='bbox 1083 2536 1144 2600; x_wconf 85' lang='lat' dir='ltr'>hac</span> <span class='ocrx_word' id='word_1_189' title='bbox 1160 2533 1251 2602; x_wconf 78' lang='lat' dir='ltr'>dere</span> 
     </span>
    </p>
   </div>
   <div class='ocr_carea' id='block_1_4' title="bbox 42 2632 1250 4132">
    <p class='ocr_par' dir='ltr' id='par_1_5' title="bbox 42 2632 1250 4132">
     <span class='ocr_line' id='line_1_24' title="bbox 135 2632 1250 2721; baseline 0.005 -26"><span class='ocrx_word' id='word_1_190' title='bbox 135 2637 266 2721; x_wconf 84' lang='lat' dir='ltr'>praebet</span> <span class='ocrx_word' id='word_1_191' title='bbox 280 2632 515 2710; x_wconf 82' lang='lat' dir='ltr'>testimonium,</span> <span class='ocrx_word' id='word_1_192' title='bbox 544 2652 617 2693; x_wconf 88' lang='lat' dir='ltr'>cum</span> <span class='ocrx_word' id='word_1_193' title='bbox 635 2644 668 2695; x_wconf 92' lang='lat' dir='ltr'>et</span> <span class='ocrx_word' id='word_1_194' title='bbox 686 2633 751 2718; x_wconf 84' lang='lat' dir='ltr'>ipse</span> <span class='ocrx_word' id='word_1_195' title='bbox 772 2635 886 2697; x_wconf 80' lang='lat' dir='ltr'>finilia</span> <span class='ocrx_word' id='word_1_196' title='bbox 905 2634 1171 2720; x_wconf 72' lang='lat' dir='ltr'>praecedentibus</span> <span class='ocrx_word' id='word_1_197' title='bbox 1191 2657 1250 2701; x_wconf 84' lang='lat' dir='ltr'>ar-</span> 
     </span>
     <span class='ocr_line' id='line_1_25' title="bbox 135 2731 1249 2821; baseline 0 -22"><span class='ocrx_word' id='word_1_198' title='bbox 135 2756 213 2799; x_wconf 86' lang='lat' dir='ltr'>oane</span> <span class='ocrx_word' id='word_1_199' title='bbox 234 2734 409 2800; x_wconf 79' lang='lat' dir='ltr'>subindicet</span> <span class='ocrx_word' id='word_1_200' title='bbox 426 2735 460 2794; x_wconf 91' lang='lat' dir='ltr'>in</span> <span class='ocrx_word' id='word_1_201' title='bbox 480 2731 617 2817; x_wconf 82' lang='lat' dir='ltr'>capitulo</span> <span class='ocrx_word' id='word_1_202' title='bbox 633 2743 728 2817; x_wconf 88' lang='lat' dir='ltr'>atque</span> <span class='ocrx_word' id='word_1_203' title='bbox 741 2735 888 2813; x_wconf 84' lang='lat' dir='ltr'>historie,</span> <span class='ocrx_word' id='word_1_204' title='bbox 916 2757 997 2821; x_wconf 87' lang='lat' dir='ltr'>qnae</span> <span class='ocrx_word' id='word_1_205' title='bbox 1008 2737 1060 2799; x_wconf 83' lang='lat' dir='ltr'>bic</span> <span class='ocrx_word' id='word_1_206' title='bbox 1077 2736 1249 2800; x_wconf 80' lang='lat' dir='ltr'>subscribi-</span> 
     </span>
     <span class='ocr_line' id='line_1_26' title="bbox 42 2833 1247 2920; baseline 0.001 -19"><span class='ocrx_word' id='word_1_207' title='bbox 42 2882 48 2887; x_wconf 95' lang='grc'>-</span> <span class='ocrx_word' id='word_1_208' title='bbox 133 2848 246 2901; x_wconf 87' lang='lat' dir='ltr'>tur...</span> <span class='ocrx_word' id='word_1_209' title='bbox 277 2835 694 2920; x_wconf 81' lang='lat' dir='ltr'>·(Jamfequunturverba</span> <span class='ocrx_word' id='word_1_210' title='bbox 716 2833 826 2915; x_wconf 72' lang='lat' dir='ltr'>tReg.</span> <span class='ocrx_word' id='word_1_211' title='bbox 848 2834 907 2915; x_wconf 92' lang='lat' dir='ltr'>VI,</span> <span class='ocrx_word' id='word_1_212' title='bbox 927 2840 1058 2919; x_wconf 77' lang='lat' dir='ltr'>t-r.)</span> <span class='ocrx_word' id='word_1_213' title='bbox 1113 2836 1247 2902; x_wconf 86' lang='lat' dir='ltr'>Etenim</span> 
     </span>
     <span class='ocr_line' id='line_1_27' title="bbox 133 2933 1248 3024; baseline 0.004 -24"><span class='ocrx_word' id='word_1_214' title='bbox 133 2957 193 3024; x_wconf 79' lang='lat' dir='ltr'>per</span> <span class='ocrx_word' id='word_1_215' title='bbox 211 2936 383 3001; x_wconf 82' lang='lat' dir='ltr'>Eiiisnenm</span> <span class='ocrx_word' id='word_1_216' title='bbox 407 2937 574 3000; x_wconf 89' lang='lat' dir='ltr'>hominem</span> <span class='ocrx_word' id='word_1_217' title='bbox 592 2933 657 2998; x_wconf 88' lang='lat' dir='ltr'>Dei</span> <span class='ocrx_word' id='word_1_218' title='bbox 680 2947 712 2999; x_wconf 91' lang='lat' dir='ltr'>et</span> <span class='ocrx_word' id='word_1_219' title='bbox 737 2938 1004 3020; x_wconf 82' lang='lat' dir='ltr'>interrogantem,</span> <span class='ocrx_word' id='word_1_220' title='bbox 1039 2937 1104 3004; x_wconf 89' lang='lat' dir='ltr'>Ubi</span> <span class='ocrx_word' id='word_1_221' title='bbox 1129 2938 1248 3005; x_wconf 84' lang='lat' dir='ltr'>cecidit</span> 
     </span>
     <span class='ocr_line' id='line_1_28' title="bbox 132 3036 1246 3127; baseline 0.006 -28"><span class='ocrx_word' id='word_1_222' title='bbox 132 3036 272 3100; x_wconf 70' lang='lat' dir='ltr'>securis?</span> <span class='ocrx_word' id='word_1_223' title='bbox 291 3039 521 3118; x_wconf 78' lang='lat' dir='ltr'>fignificabatur</span> <span class='ocrx_word' id='word_1_224' title='bbox 537 3036 642 3116; x_wconf 82' lang='lat' dir='ltr'>Deus,</span> <span class='ocrx_word' id='word_1_225' title='bbox 671 3037 726 3121; x_wconf 87' lang='lat' dir='ltr'>qui</span> <span class='ocrx_word' id='word_1_226' title='bbox 748 3059 820 3100; x_wconf 91' lang='lat' dir='ltr'>cum</span> <span class='ocrx_word' id='word_1_227' title='bbox 832 3040 1018 3104; x_wconf 78' lang='lat' dir='ltr'>hominibus</span> <span class='ocrx_word' id='word_1_228' title='bbox 1032 3041 1176 3106; x_wconf 81' lang='lat' dir='ltr'>veriatne</span> <span class='ocrx_word' id='word_1_229' title='bbox 1188 3042 1246 3127; x_wconf 76' lang='lat' dir='ltr'>on,</span> 
     </span>
     <span class='ocr_line' id='line_1_29' title="bbox 132 3126 1245 3226; baseline 0.007 -29"><span class='ocrx_word' id='word_1_230' title='bbox 132 3138 252 3223; x_wconf 82' lang='lat' dir='ltr'>quique</span> <span class='ocrx_word' id='word_1_231' title='bbox 273 3140 351 3203; x_wconf 91' lang='lat' dir='ltr'>olim</span> <span class='ocrx_word' id='word_1_232' title='bbox 371 3137 471 3201; x_wconf 82' lang='lat' dir='ltr'>dixit:</span> <span class='ocrx_word' id='word_1_233' title='bbox 502 3137 630 3216; x_wconf 84' lang='lat' dir='ltr'>Adam,</span> <span class='ocrx_word' id='word_1_234' title='bbox 658 3126 792 3201; x_wconf 61' lang='lat' dir='ltr'>ubi‘ee?</span> <span class='ocrx_word' id='word_1_235' title='bbox 833 3138 895 3202; x_wconf 89' lang='lat' dir='ltr'>Per</span> <span class='ocrx_word' id='word_1_236' title='bbox 912 3162 1011 3203; x_wconf 88' lang='lat' dir='ltr'>unam</span> <span class='ocrx_word' id='word_1_237' title='bbox 1030 3161 1108 3204; x_wconf 78' lang='lat' dir='ltr'>vero</span> <span class='ocrx_word' id='word_1_238' title='bbox 1128 3143 1245 3226; x_wconf 72' lang='lat' dir='ltr'>perio·</span> 
     </span>
     <span class='ocr_line' id='line_1_30' title="bbox 130 3237 1242 3326; baseline 0.003 -23"><span class='ocrx_word' id='word_1_239' title='bbox 130 3257 227 3317; x_wconf 84' lang='lat' dir='ltr'>narn,</span> <span class='ocrx_word' id='word_1_240' title='bbox 253 3261 335 3326; x_wconf 84' lang='lat' dir='ltr'>quae</span> <span class='ocrx_word' id='word_1_241' title='bbox 354 3243 478 3323; x_wconf 86' lang='lat' dir='ltr'>lignum</span> <span class='ocrx_word' id='word_1_242' title='bbox 500 3239 608 3318; x_wconf 86' lang='lat' dir='ltr'>dejicit</span> <span class='ocrx_word' id='word_1_243' title='bbox 628 3249 661 3301; x_wconf 90' lang='lat' dir='ltr'>et</span> <span class='ocrx_word' id='word_1_244' title='bbox 673 3237 809 3301; x_wconf 83' lang='lat' dir='ltr'>ostendit</span> <span class='ocrx_word' id='word_1_245' title='bbox 820 3241 945 3315; x_wconf 87' lang='lat' dir='ltr'>locum,</span> <span class='ocrx_word' id='word_1_246' title='bbox 965 3241 1000 3303; x_wconf 88' lang='lat' dir='ltr'>in</span> <span class='ocrx_word' id='word_1_247' title='bbox 1015 3261 1112 3326; x_wconf 86' lang='lat' dir='ltr'>quem</span> <span class='ocrx_word' id='word_1_248' title='bbox 1124 3242 1242 3307; x_wconf 65' lang='lat' dir='ltr'>bourie</span> 
     </span>
     <span class='ocr_line' id='line_1_31' title="bbox 107 3337 1240 3427; baseline 0.004 -24"><span class='ocrx_word' id='word_1_249' title='bbox 107 3337 259 3419; x_wconf 80' lang='lat' dir='ltr'>‘cecidit,</span> <span class='ocrx_word' id='word_1_250' title='bbox 287 3340 435 3406; x_wconf 82' lang='lat' dir='ltr'>Adamue</span> <span class='ocrx_word' id='word_1_251' title='bbox 454 3339 690 3423; x_wconf 83' lang='lat' dir='ltr'>deiignebatur,</span> <span class='ocrx_word' id='word_1_252' title='bbox 722 3341 777 3427; x_wconf 87' lang='lat' dir='ltr'>qui</span> <span class='ocrx_word' id='word_1_253' title='bbox 797 3338 889 3419; x_wconf 89' lang='lat' dir='ltr'>Deo,</span> <span class='ocrx_word' id='word_1_254' title='bbox 923 3362 1020 3427; x_wconf 91' lang='lat' dir='ltr'>quem</span> <span class='ocrx_word' id='word_1_255' title='bbox 1042 3343 1126 3405; x_wconf 86' lang='lat' dir='ltr'>nihil</span> <span class='ocrx_word' id='word_1_256' title='bbox 1151 3344 1240 3424; x_wconf 82' lang='lat' dir='ltr'>latet,</span> 
     </span>
     <span class='ocr_line' id='line_1_32' title="bbox 128 3438 1240 3529; baseline 0.004 -24"><span class='ocrx_word' id='word_1_257' title='bbox 128 3438 308 3526; x_wconf 69' lang='lat' dir='ltr'>respondit,</span> <span class='ocrx_word' id='word_1_258' title='bbox 329 3439 442 3507; x_wconf 80' lang='lat' dir='ltr'>Nudus</span> <span class='ocrx_word' id='word_1_259' title='bbox 455 3443 523 3502; x_wconf 82' lang='lat' dir='ltr'>snm</span> <span class='ocrx_word' id='word_1_260' title='bbox 537 3452 569 3504; x_wconf 92' lang='lat' dir='ltr'>et</span> <span class='ocrx_word' id='word_1_261' title='bbox 581 3461 636 3505; x_wconf 91' lang='lat' dir='ltr'>me</span> <span class='ocrx_word' id='word_1_262' title='bbox 650 3440 817 3519; x_wconf 76' lang='lat' dir='ltr'>abscondi,</span> <span class='ocrx_word' id='word_1_263' title='bbox 837 3455 933 3529; x_wconf 87' lang='lat' dir='ltr'>atque</span> <span class='ocrx_word' id='word_1_264' title='bbox 945 3443 996 3507; x_wconf 84' lang='lat' dir='ltr'>hie</span> <span class='ocrx_word' id='word_1_265' title='bbox 1009 3443 1115 3507; x_wconf 74' lang='lat' dir='ltr'>verbio</span> <span class='ocrx_word' id='word_1_266' title='bbox 1132 3443 1240 3509; x_wconf 77' lang='lat' dir='ltr'>locum</span> 
     </span>
     <span class='ocr_line' id='line_1_33' title="bbox 127 3539 1241 3631; baseline 0.002 -24"><span class='ocrx_word' id='word_1_267' title='bbox 127 3539 282 3620; x_wconf 73' lang='lat' dir='ltr'>otendit,</span> <span class='ocrx_word' id='word_1_268' title='bbox 311 3543 365 3604; x_wconf 90' lang='lat' dir='ltr'>nbi</span> <span class='ocrx_word' id='word_1_269' title='bbox 386 3563 461 3629; x_wconf 88' lang='lat' dir='ltr'>prae</span> <span class='ocrx_word' id='word_1_270' title='bbox 478 3541 670 3605; x_wconf 80' lang='lat' dir='ltr'>verecundie</span> <span class='ocrx_word' id='word_1_271' title='bbox 688 3544 752 3606; x_wconf 82' lang='lat' dir='ltr'>sese</span> <span class='ocrx_word' id='word_1_272' title='bbox 773 3543 1003 3627; x_wconf 53' lang='lat' dir='ltr'>abscondebam</span> <span class='ocrx_word' id='word_1_273' title='bbox 1029 3543 1160 3631; x_wconf 76' lang='lat' dir='ltr'>insuper</span> <span class='ocrx_word' id='word_1_274' title='bbox 1176 3566 1241 3609; x_wconf 84' lang='lat' dir='ltr'>an-</span> 
     </span>
     <span class='ocr_line' id='line_1_34' title="bbox 126 3641 1239 3729; baseline 0.004 -22"><span class='ocrx_word' id='word_1_275' title='bbox 126 3652 196 3707; x_wconf 83' lang='lat' dir='ltr'>tem</span> <span class='ocrx_word' id='word_1_276' title='bbox 208 3641 404 3706; x_wconf 83' lang='lat' dir='ltr'>indicabatur</span> <span class='ocrx_word' id='word_1_277' title='bbox 419 3643 517 3705; x_wconf 86' lang='lat' dir='ltr'>etiem</span> <span class='ocrx_word' id='word_1_278' title='bbox 529 3643 656 3727; x_wconf 83' lang='lat' dir='ltr'>planta,</span> <span class='ocrx_word' id='word_1_279' title='bbox 684 3664 781 3729; x_wconf 89' lang='lat' dir='ltr'>quam</span> <span class='ocrx_word' id='word_1_280' title='bbox 797 3644 943 3723; x_wconf 79' lang='lat' dir='ltr'>tetigerat</span> <span class='ocrx_word' id='word_1_281' title='bbox 955 3657 1064 3709; x_wconf 84' lang='lat' dir='ltr'>contra</span> <span class='ocrx_word' id='word_1_282' title='bbox 1075 3647 1134 3710; x_wconf 80' lang='lat' dir='ltr'>faa.</span> <span class='ocrx_word' id='word_1_283' title='bbox 1176 3645 1239 3712; x_wconf 77' lang='lat' dir='ltr'>Por</span> 
     </span>
     <span class='ocr_line' id='line_1_35' title="bbox 127 3740 1238 3831; baseline 0.003 -22"><span class='ocrx_word' id='word_1_284' title='bbox 127 3744 268 3826; x_wconf 67' lang='lat' dir='ltr'>buum,</span> <span class='ocrx_word' id='word_1_285' title='bbox 304 3741 391 3828; x_wconf 87' lang='lat' dir='ltr'>qnod</span> <span class='ocrx_word' id='word_1_286' title='bbox 418 3740 531 3806; x_wconf 86' lang='lat' dir='ltr'>cecidit</span> <span class='ocrx_word' id='word_1_287' title='bbox 551 3743 586 3805; x_wconf 91' lang='lat' dir='ltr'>in</span> <span class='ocrx_word' id='word_1_288' title='bbox 611 3744 775 3806; x_wconf 82' lang='lat' dir='ltr'>obscuram</span> <span class='ocrx_word' id='word_1_289' title='bbox 792 3744 1060 3831; x_wconf 80' lang='lat' dir='ltr'>profunditatem,</span> <span class='ocrx_word' id='word_1_290' title='bbox 1097 3747 1149 3811; x_wconf 75' lang='lat' dir='ltr'>vir</span> <span class='ocrx_word' id='word_1_291' title='bbox 1168 3748 1238 3811; x_wconf 85' lang='lat' dir='ltr'>hn-</span> 
     </span>
     <span class='ocr_line' id='line_1_36' title="bbox 125 3841 1235 3934; baseline 0.003 -26"><span class='ocrx_word' id='word_1_292' title='bbox 125 3862 242 3909; x_wconf 84' lang='lat' dir='ltr'>manae</span> <span class='ocrx_word' id='word_1_293' title='bbox 263 3855 396 3907; x_wconf 86' lang='lat' dir='ltr'>naturaa</span> <span class='ocrx_word' id='word_1_294' title='bbox 415 3841 641 3924; x_wconf 84' lang='lat' dir='ltr'>denotabatur,</span> <span class='ocrx_word' id='word_1_295' title='bbox 668 3866 749 3932; x_wconf 76' lang='lat' dir='ltr'>quae</span> <span class='ocrx_word' id='word_1_296' title='bbox 770 3844 889 3910; x_wconf 87' lang='lat' dir='ltr'>excidit</span> <span class='ocrx_word' id='word_1_297' title='bbox 909 3868 928 3911; x_wconf 88' lang='lat' dir='ltr'>a</span> <span class='ocrx_word' id='word_1_298' title='bbox 947 3848 1036 3926; x_wconf 90' lang='lat' dir='ltr'>luce,</span> <span class='ocrx_word' id='word_1_299' title='bbox 1068 3858 1235 3934; x_wconf 83' lang='lat' dir='ltr'>propterea</span> 
     </span>
     <span class='ocr_line' id='line_1_37' title="bbox 126 3944 1235 4031; baseline 0.005 -24"><span class='ocrx_word' id='word_1_300' title='bbox 126 3944 214 4031; x_wconf 82' lang='lat' dir='ltr'>quod</span> <span class='ocrx_word' id='word_1_301' title='bbox 236 3966 369 4008; x_wconf 76' lang='lat' dir='ltr'>ananum</span> <span class='ocrx_word' id='word_1_302' title='bbox 387 3945 532 4024; x_wconf 85' lang='lat' dir='ltr'>injecerit</span> <span class='ocrx_word' id='word_1_303' title='bbox 549 3947 647 4008; x_wconf 90' lang='lat' dir='ltr'>homo</span> <span class='ocrx_word' id='word_1_304' title='bbox 670 3947 848 4028; x_wconf 78' lang='lat' dir='ltr'>indignum</span> <span class='ocrx_word' id='word_1_305' title='bbox 868 3949 964 4014; x_wconf 84' lang='lat' dir='ltr'>vitae.</span> <span class='ocrx_word' id='word_1_306' title='bbox 1019 3948 1081 4014; x_wconf 85' lang='lat' dir='ltr'>Per</span> <span class='ocrx_word' id='word_1_307' title='bbox 1105 3947 1142 4012; x_wconf 91' lang='lat' dir='ltr'>id</span> <span class='ocrx_word' id='word_1_308' title='bbox 1158 3969 1235 4015; x_wconf 78' lang='lat' dir='ltr'>vero</span> 
     </span>
     <span class='ocr_line' id='line_1_38' title="bbox 126 4040 1236 4132; baseline 0.006 -25"><span class='ocrx_word' id='word_1_309' title='bbox 126 4044 216 4131; x_wconf 78' lang='lat' dir='ltr'>qnod</span> <span class='ocrx_word' id='word_1_310' title='bbox 233 4046 334 4125; x_wconf 87' lang='lat' dir='ltr'>dixit,</span> <span class='ocrx_word' id='word_1_311' title='bbox 367 4043 409 4109; x_wconf 87' lang='lat' dir='ltr'>Et</span> <span class='ocrx_word' id='word_1_312' title='bbox 426 4040 508 4109; x_wconf 86' lang='lat' dir='ltr'>iliud</span> <span class='ocrx_word' id='word_1_313' title='bbox 525 4045 765 4112; x_wconf 79' lang='lat' dir='ltr'>commodatum</span> <span class='ocrx_word' id='word_1_314' title='bbox 780 4048 902 4130; x_wconf 76' lang='lat' dir='ltr'>iuerat,</span> <span class='ocrx_word' id='word_1_315' title='bbox 936 4049 1182 4132; x_wconf 71' lang='lat' dir='ltr'>significabatur,</span> <span class='ocrx_word' id='word_1_316' title='bbox 1215 4067 1236 4114; x_wconf 83' lang='lat' dir='ltr'>e</span> 
     </span>
    </p>
   </div>
   <div class='ocr_carea' id='block_1_5' title="bbox 127 4144 1235 4251">
    <p class='ocr_par' dir='ltr' id='par_1_6' title="bbox 127 4144 1235 4251">
     <span class='ocr_line' id='line_1_39' title="bbox 127 4144 1235 4251; baseline -0.004 -33"><span class='ocrx_word' id='word_1_317' title='bbox 127 4144 214 4217; x_wconf 82' lang='lat' dir='ltr'>dono</span> <span class='ocrx_word' id='word_1_318' title='bbox 225 4146 290 4215; x_wconf 87' lang='lat' dir='ltr'>Dei</span> <span class='ocrx_word' id='word_1_319' title='bbox 300 4147 442 4251; x_wconf 68' lang='lat' dir='ltr'>habniise</span> <span class='ocrx_word' id='word_1_320' title='bbox 452 4149 680 4237; x_wconf 81' lang='lat' dir='ltr'>protoplastum</span> <span class='ocrx_word' id='word_1_321' title='bbox 693 4169 784 4234; x_wconf 77' lang='lat' dir='ltr'>eam,</span> <span class='ocrx_word' id='word_1_322' title='bbox 800 4171 898 4238; x_wconf 81' lang='lat' dir='ltr'>quem</span> <span class='ocrx_word' id='word_1_323' title='bbox 909 4152 1013 4219; x_wconf 74' lang='lat' dir='ltr'>amitit</span> <span class='ocrx_word' id='word_1_324' title='bbox 1029 4151 1115 4238; x_wconf 75' lang='lat' dir='ltr'>aim5</span> <span class='ocrx_word' id='word_1_325' title='bbox 1135 4169 1235 4239; x_wconf 78' lang='lat' dir='ltr'>quem</span> 
     </span>
    </p>
   </div>
   <div class='ocr_carea' id='block_1_6' title="bbox 0 0 1290 4770">
    <p class='ocr_par' dir='ltr' id='par_1_7' title="bbox 0 0 1290 4770">
     <span class='ocr_line' id='line_1_40' title="bbox 0 0 1290 4770; baseline 0 4"><span class='ocrx_word' id='word_1_326' title='bbox 0 0 1290 4770; x_wconf 95' lang='lat' dir='ltr'> </span> 
     </span>
    </p>
   </div>
  </div>
 </body>
</html>
