2572 4770
387 360 404 399 ·=
447 446 454 453 ..
515 330 732 440 fougere:
760 347 772 393 ι
836 332 849 371 “·
1107 344 1185 447 stc

62 540 177 593 temen
202 518 455 615 luperllitionem
483 518 568 607 elle,¹
605 528 745 617 hincque
770 526 934 593 doctrines
956 530 1080 593 nollrte
1101 526 1185 592 vitiis

65 630 172 710 debit,
201 629 288 715 quod
306 629 532 719 llrperllltioios
550 628 655 697 reciae
698 628 992 719 Respondebimus,
1020 625 1184 717 quemad*

63 729 203 795 modum
221 730 353 816 quidem
374 751 417 793 ex
434 726 669 812 legislatoribus
687 731 910 813 interroganti,
938 753 979 794 sn
993 731 1115 794 civibus
1128 732 1186 793 le-

67 853 125 915 ges
145 832 282 918 optimas
303 832 437 910 tulillet,
473 830 635 919 respondit
655 853 720 894 non
741 833 873 895 omnino
893 835 1030 919 optimas
1050 829 1183 911 detine

64 932 122 998 ted
143 934 260 1019 quibus
280 934 410 1018 optimis
431 952 513 1017 opus
533 932 707 1012 helieren13
737 932 783 995 ita
804 933 968 1014 religionis
992 932 1183 996 chriltinnse

65 1046 230 1100 auctorem
250 1031 355 1095 dicere
372 1036 477 1120 polle:
505 1034 621 1118 quibus
640 1031 682 1096 ed
703 1053 831 1097 morum
851 1033 1110 1099 emendationem
1126 1034 1183 1096 le-

65 1137 160 1218 gibus
177 1132 362 1215 indigebpnt
385 1131 534 1220 plurimi,
561 1134 620 1197 hus
637 1152 734 1218 quiem
750 1135 886 1220 optimus
899 1136 979 1214 tuli,
1002 1132 1182 1198 doctrinam

63 1235 206 1315 institui,
239 1248 360 1322 poenes
386 1246 420 1298 et
442 1235 595 1320 supplicis
620 1234 779 1297 intentavi
804 1236 1026 1322 peccantibus,
1060 1256 1120 1300 nec
1140 1256 1182 1300 es
1227 1238 1230 1243 ’

65 1335 198 1426 quidem
212 1336 448 1414 commentitie,
469 1332 526 1399 led
536 1347 620 1398 certe
637 1346 670 1399 et
681 1336 895 1422 pertinacibus
910 1337 1104 1419 corrigendis
1116 1358 1182 1401 ne-

66 1440 198 1504 eellurio
211 1433 416 1517 minitendu3
447 1437 594 1522 quamvis
613 1458 678 1499 non
694 1437 826 1521 omuino
844 1451 899 1502 out
918 1440 1082 1526 punientis
1099 1440 1184 1517 cone}

63 1541 190 1620 fitium,
218 1551 274 1602 eut
293 1538 434 1600 fructum
453 1555 472 1598 e
492 1537 653 1623 suppliciis
673 1537 864 1624 capiendum
879 1541 1069 1622 intelligent.
1111 1534 1183 1607 ΑΗ

64 1662 131 1731 que
144 1642 226 1705 heec
236 1638 281 1703 cle
291 1636 406 1725 poenis
419 1633 561 1699 doctrina
576 1650 643 1700 tarn
657 1639 746 1704 utilis
758 1643 818 1720 eit,
846 1662 942 1728 quam
956 1643 1082 1707 veritati
1096 1629 1185 1707 con-¹
1208 1720 1214 1735 Ι

62 1744 235 1825 lentunen,
270 1750 303 1804 et
328 1758 446 1827 magno
470 1738 640 1801 hominum
666 1739 836 1804 commodo
859 1745 988 1806 obscure
1005 1742 1182 1809 truditur)²

62 1842 207 1925 (Quibus
226 1840 332 1907 verbis
347 1837 504 1918 Origenes
519 1840 601 1901 nihil
623 1838 699 1902 dicit
717 1839 822 1922 eliud',
851 1863 948 1927 quem
960 1878 1004 1892 -
1018 1866 1084 1906 non
1104 1844 1181 1909 lutis

64 1942 198 2032 quidem
208 1938 343 2030 provide
356 1972 415 2017 -,
432 1935 608 2003 doctrinam
620 1938 662 2003 de
677 1942 941 2026 aeternispoenis
954 1944 1055 2024 magis
1064 1944 1184 2030 philo-'

60 2046 191 2132 ioplrlce
205 2045 268 2106 elle
280 2036 537 2120 intelligendam,
559 2062 657 2126 quam
671 2042 768 2120 vulgo
781 2042 986 2127 proferatur.)
1030 2044 1085 2108 Uti
1098 2064 1180 2113 vero·

10 2178 13 2187 =
62 2148 149 2210 hunc
171 2143 346 2207 doctrinam
367 2139 408 2203 ed
428 2140 622 2203 exotericem
640 2141 805 2222 religionis
820 2142 976 2224 formem,
998 2144 1042 2206 ita
1055 2141 1180 2205 doctri-a¹

61 2266 141 2311 nem
167 2243 208 2309 de
232 2242 470 2307 resurrectionis
489 2261 659 2327 corporum
682 2243 862 2322 ruti-one,
895 2256 1008 2330 utpote
1024 2245 1182 2308 ‘summae
1210 2318 1214 2329 Ι

61 2347 282 2435 philosophice
301 2345 448 2430 plenam,
476 2362 581 2428 neque
601 2353 711 2405 temen
736 2355 830 2430 ceput
847 2344 1011 2426 religionis
1032 2345 1179 2410 christis-

62 2468 126 2513 nse
153 2448 301 2510 omnibus
328 2444 555 2524 necessarium,
598 2441 639 2505 ed
669 2445 851 2507 elotericam
884 2448 989 2509 cenlet
1016 2447 1178 2533 pertinere

61 2573 91 2616 c.
108 2532 248 2628 cell-V,
274 2559 322 2614 111.
343 2569 376 2633 p.
393 2557 450 2612 691
474 2543 597 2607 verbis:
632 2534 845 2625 Βουλόμενος
863 2536 1023 2631 κρύπτειν
1043 2538 1063 2611 ὁ
1081 2537 1178 2611 ἀπό-

62 2647 186 2726 στολος
207 2643 250 2712 τό
271 2640 355 2711 κατὰ
372 2644 431 2710 τὸν
448 2637 556 2710 τόπον
574 2638 750 2730 ἀπόρρητα
767 2643 823 2709 καὶ
840 2642 888 2730 μὴ
903 2632 1091 2732 ἁρμόζοντα
1103 2646 1179 2722 τοῖς

62 2744 310 2834 ἁπλουστέροις
336 2746 391 2810 καὶ
415 2745 458 2832 τῇ
477 2738 640 2830 πανδήμῳ
660 2736 745 2830 ἀκοῇ
763 2744 831 2808 τῶν
848 2742 905 2810 διὰ
925 2745 993 2810 τοῦ·
1004 2740 1181 2812 πιστεύειν

62 2842 232 2936 ἀγομένων
249 2843 306 2912 ἐπὶ
320 2843 359 2909 τὸ
371 2844 515 2926 βέλτιον.
1163 2868 1166 2873 ·

150 2949 186 3015 Si
207 2949 278 3035 quis
300 2949 397 3027 igitur
411 2949 509 3026 velit,
536 2945 634 3005 etiem
651 2942 692 3008 de
708 2945 857 3026 Origenis
880 2950 979 3029 gnol
981 2949 992 3011 i
1014 2946 1201 3035 loquutur,³.

60 3072 258 3140 quemquem
274 3049 340 3133 iple
360 3045 401 3108 de
422 3058 490 3108 tote
511 3046 660 3106 eletericu
677 3047 730 3107 lus
746 3044 888 3112 doctrine
900 3042 973 3112 κατ’
988 3042 1104 3138 ἔξοχόν
1115 3051 1180 3117 irco·

60 3153 236 3230 vocabulo,
266 3146 352 3234 quod
371 3145 522 3234 equidem
541 3146 653 3225 iciam,
679 3168 744 3209 non
766 3159 881 3213 utetur.
932 3151 1044 3238 Neque
1064 3152 1177 3234 gnolln

58 3255 151 3319 inem
171 3251 251 3314 tanti
269 3252 363 3328 fecit,
390 3249 500 3337 quenti
520 3246 680 3312 Clemens.
728 3249 857 3313 Etenim
876 3250 1004 3315 fidem
1027 3245 1183 3332 (πάντων

57 3353 127 3418 τῶν
149 3345 373 3439 ἀνθρωπίνων
391 3344 537 3423 πίστεως
559 3339 750 3434 ἠρτημένων
768 3374 794 3415 c.
816 3352 895 3417 Cels.
913 3350 939 3433 1,
964 3365 1013 3418 11.
1035 3373 1068 3438 p.
1091 3355 1175 3433 329)
1253 3390 1258 3407 ·

57 3457 165 3519 noller
178 3455 328 3533 intelligit
343 3450 474 3539 quidem
491 3471 563 3513 curn
579 3450 745 3514 Clemente
761 3449 940 3515 destitutum
956 3452 1175 3538 philosophica

59 3555 260 3636 cognitione,
296 3573 401 3641 nepue
423 3574 518 3629 vero,
552 3552 679 3636 qualem
707 3550 856 3616 Clemens
882 3554 1062 3632 intelligere
1082 3553 1173 3632 lolet,

57 3657 160 3720 totam
182 3654 389 3732 objectivem,
416 3651 470 3716 led
490 3663 523 3714 et
541 3653 754 3731 subjectivum.
803 3652 974 3734 „Primum
994 3651 1175 3738 expolitio-

59 3756 184 3836 ncm”,
220 3756 265 3817 eit
286 3753 327 3815 de
348 3754 446 3840 princ.
468 3752 528 3817 IV.
549 3757 573 3837 l.
593 3766 641 3819 12.
666 3755 732 3817 vol.
747 3753 773 3829 1,
799 3768 876 3834 169,
914 3755 1041 3836 „etiem
1063 3775 1123 3839 per
1140 3748 1179 3818 [θ’

57 3859 176 3920 utilem
197 3859 261 3919 elle
280 3857 384 3941 polle,
412 3855 542 3915 testatur
560 3874 670 3915 eorum
689 3854 881 3935 multitudo,
908 3855 964 3942 qui
982 3853 1122 3933 ingenue
1139 3866 1174 3919 et

55 3956 243 4045 fimpliciter
265 3953 507 4018 crediderunt.”
551 3953 585 4018 C.
602 3952 680 4019 Cels.
694 3952 721 4034 I,
736 3968 766 4021 9.
788 3979 821 4042 p
838 3968 917 4022 328:
945 3952 1054 4032 ,‚Si.”,
1084 3950 1184 4037 dicit,-

56 4061 142 4138 ‚,(ut
160 4077 273 4119 omnes
293 4056 572 4142 philosophentur)
597 4056 636 4116 eb
656 4056 842 4135 homiuibus
864 4053 1029 4142 impetrari
1050 4056 1174 4142 nequit,

52 4157 124 4223 ‘five
147 4171 278 4246 propter
297 4158 394 4235 hujus
410 4157 496 4218 vitae
514 4155 728 4236 necelfitates,
753 4158 820 4220 live
839 4168 968 4243 propter
983 4175 1096 4220 eorum
1114 4158 1183 4223 iun-¹

55 4256 260 4344 mutem,
288 4278 372 4347 quse
392 4258 429 4322 in
446 4257 537 4324 ceule
556 4257 648 4341 lunt,
675 4278 731 4322 cur
746 4257 899 4345 perpauci
916 4254 994 4323 nuic
1013 4257 1174 4337 itt-liudis
