2572 4770
119 278 195 341 388
440 258 529 350 cap.
556 254 636 345 tlt..
684 252 917 343 Dogmatica.

120 445 202 535 patri
237 454 385 507 naturum
416 437 550 518 tribuit,
592 433 738 520 adeoque
772 430 937 495 doctrinae
975 426 1169 495 occidentali
1196 429 1239 495 da

123 546 289 609 ltornousm
304 565 369 605 non
382 550 555 625 repugnat,
585 550 621 600 ut
640 560 659 600 a
676 534 976 619 l'atripaslianorum
990 534 1156 595 erroribus
1167 556 1241 619 pro-

123 650 195 735 pius
209 646 313 707 obesse
327 640 484 704 videautr.
532 638 684 701 Clemens
695 636 793 723 patris
808 634 934 719 filiique
952 637 1072 719 (quem
1088 656 1164 697 curu
1180 632 1242 695 tta-

123 748 265 811 lilide-
276 743 339 806 uid.
353 738 475 805 Neaud.
485 736 592 803 Gnost.
608 736 688 819 Sytr.
705 744 785 822 pta
800 770 844 781 -
855 732 943 797 θεοῦ
958 727 1119 798 διάκονον
1131 738 1243 819 appel-.

125 854 185 927 lat)
201 845 379 931 hypostases
393 842 505 903 aeriter
518 842 656 925 separat,
669 836 954 923 illiomrpreDeutn
962 834 1097 923 quidem
1110 839 1243 915 (evitato

126 951 242 1015 seilicet
256 943 411 1007 vocabulo
423 934 619 1019 ὃμοούσιος)
636 972 676 991 -
690 949 722 998 et
735 939 775 999 ab
789 949 919 999 aeterno
934 938 1104 1019 genitum,
1127 952 1243 1017 minen,

127 1052 250 1113 ratione
265 1044 373 1105 habita
390 1040 504 1127 putris,
525 1038 586 1127 toja
601 1029 777 1122 dytrrrjsou
788 1037 847 1102 καὶ
858 1032 1086 1123 πρεσβίστου,
1108 1042 1243 1120 (gnosti-

128 1154 238 1213 corum
253 1140 381 1208 dicendi
395 1141 510 1203 rationi
522 1139 795 1223 appropinquans)
808 1134 848 1201 sd
863 1138 1077 1223 προγενηθὲν
1089 1140 1152 1203 καὶ
1163 1160 1244 1225 πρε·

127 1244 289 1331 opr'aapor
300 1256 454 1331 patreque
468 1242 629 1303 minorem
640 1240 704 1301 else
719 1242 842 1303 censet.'
874 1238 1037 1320 Origenes
1055 1238 1137 1305 licet
1147 1244 1245 1305 multo

127 1351 274 1425 disertius
290 1344 476 1429 impostores
497 1337 707 1425 separaverit,
735 1340 779 1401 itu
799 1350 836 1401 ut
856 1351 1026 1402 aeteruum
1047 1340 1162 1407 lilium
1182 1344 1246 1429 (qui

127 1474 172 1517 ox
192 1462 282 1535 patre
303 1444 466 1532 purissima
485 1440 701 1519 omnaverit,
715 1474 759 1491 -
785 1438 819 1534 id
837 1438 922 1525 quod
940 1462 1016 1503 curn
1031 1444 1246 1520 gnosticorum

128 1551 273 1615 doctrina
297 1545 338 1607 ds
360 1542 531 1619 aeonibus,
568 1560 666 1624 quam
689 1540 811 1625 alioqui
835 1542 1050 1603 vehementer
1073 1530 1246 1631 improbat,

128 1653 228 1714 verbo
237 1658 331 1710 tenus
339 1640 808 1719 corruenieuteruosterstatuit)
818 1640 916 1703 etiam
928 1631 1030 1727 οὐσίᾳ
1040 1658 1247 1730 apausma-

127 1758 195 1833 jore
210 1746 338 1809 disserte
353 1744 488 1822 dixerit,
510 1752 776 1805 tarnennaturmn
791 1762 867 1804 vere
880 1740 1024 1807 divinam
1033 1744 1114 1810 tilio
1131 1750 1246 1827 tribuit,

128 1864 163 1917 et
177 1854 268 1928 (curo
281 1848 469 1924 Clemente,
490 1854 526 1905 ut
539 1838 682 1919 uidetur)
696 1862 762 1903 non
778 1853 844 1907 tam
859 1842 899 1906 de
911 1847 1069 1927 materia,
1097 1871 1199 1937 quaro
1210 1850 1246 1915 ds

128 1960 233 2017 timna
259 1952 300 2011 ab
324 1945 528 2011 occidentalis
549 1943 697 2005 ecclefiae
722 1945 864 2027 patribus
891 1942 1028 2010 dilieulit
1053 1948 1246 2035 (quodiam

128 2052 267 2121 Rolinus
292 2052 360 2113 stne
387 2045 484 2109 dubio
509 2044 688 2121 intellexit,
721 2045 850 2131 ¹quippo.
876 2045 932 2133 qui
955 2070 1026 2111 uun
1051 2048 1246 2116 dubitaverit

70 2190 73 2195 ·
128 2155 282 2235 origenis
309 2149 400 2215 libris
423 2144 505 2232 περὶ
531 2136 641 2229 ἀρχῶν
664 2142 833 2209 Athanasii
863 2144 1067 2235 disciplinam
1092 2150 1243 2234 inserte).

128 2258 305 2337 origenem
339 2254 491 2335 sequutus
526 2248 572 2307 est
603 2244 777 2327 Dionysius
809 2246 926 2327 Alex„
967 2251 1026 2335 qui
1053 2249 1102 2313 ¹'in
1137 2253 1245 2319 ardore

128 2370 256 2445 pugnae
275 2349 579 2416 contra-Sabellitnu
597 2347 727 2410 initium
749 2346 903 2413 existendi
922 2350 991 2413 silio
1011 2348 1127 2435 dedit,
1155 2370 1190 2419 et
1204 2356 1245 2419 ita

128 2456 263 2545 quidam
277 2474 344 2517 nou
358 2450 514 2513 deforma
526 2448 686 2532 ttrnplius,¹
708 2446 764 2511 sed
781 2448 821 2511 ds
832 2451 966 2512 materia
980 2448 1128 2519 dissensit
1140 2456 1183 2519 alt
1192 2478 1244 2521 ee-

128 2558 221 2623 elesia
248 2551 445 2618 occidentali.
499 2548 580 2610 lllox
598 2556 676 2610 veru
698 2547 741 2611 ad
761 2551 903 2635 quietam
920 2563 1071 2617 mentun
1092 2562 1245 2639 reversus,
1277 2545 1286 2558 ’ἵ

126 2657 285 2739 Dionysio
301 2653 449 2719 Romano
466 2668 606 2714 errorem
628 2652 792 2714 excolavit
809 2671 948 2739 eumque
964 2652 1181 2738 emendavit,
1205 2660 1244 2723 itt

126 2774 167 2824 ut
186 2781 229 2822 ne
248 2748 429 2839 ὃμοούσιον
449 2750 580 2840 quidem
593 2752 848 2836 amplius-lilium
859 2756 942 2839 patri
953 2752 1067 2837 dican,
1077 2762 1244 2826 monost.

128 2859 280 2941 Origenis
293 2858 480 2921 senteutiam
490 2852 783 2918 servaruntl‘ierios
795 2854 1069 2939 et'sheognustus.
1097 2856 1244 2925 Tandem

125 2953 1245 3049 Arius,magisquaeialsaipsiuidebanturupprimeris,q'uam(idquud
1280 2989 1283 2998 ⁴

125 3060 365 3151 polteaocutius
373 3069 406 3120 et
419 3052 794 3119 coustantiusliunomius
805 3058 885 3138 egit)
897 3078 1067 3144 quaerere
1073 3060 1245 3145 illustram,
1275 3092 1280 3121 ι

124 3160 417 3253 prioremDionylli
426 3157 611 3221 senteutiam
621 3154 826 3245 persequutus
834 3178 873 3221 so
882 3155 1245 3241 deveniuotaonmo-
1276 3174 1283 3255 ῐΙ

125 3267 169 3331 do
179 3278 286 3352 aperte
299 3260 489 3327 occidentali
498 3256 725 3339 ecclsfiae,·sed
735 3260 842 3339 etiam,
856 3260 930 3323 licet
939 3262 1243 3347 osuultius'‚ton·30.

126 3369 242 3433 nianae
256 3364 438 3453 disciplinae
451 3362 678 3427 adversaretur.
720 3362 820 3441 (llioc
829 3362 1131 3443 ingensuer'elsario
1138 3388 1241 3455 pugna

126 3479 237 3531 exorta
251 3470 313 3545 est,
330 3454 488 3528 intestinis
497 3465 595 3527 totius
605 3459 752 3525 e'cclesrae
763 3461 803 3531 de
815 3463 869 3526 illo
880 3461 1179 3545 dogmatemotibus
1189 3489 1240 3531 ar-

125 3571 228 3647 tenia,
243 3556 1058 3653 tirtllisqueexternisejus-vexationibusexstincta.)
1090 3564 1240 3649 origenis

122 3670 298 3731 sententiae
307 3666 348 3729 de
360 3660 427 3729 silio
437 3666 498 3728 llei
514 3668 681 3727 sectatores
695 3662 901 3743 (Semiariaoi
910 3667 1084 3747 regionum
1097 3670 1241 3733 orienta-

123 3771 220 3847 lium)
233 3770 428 3831 --minores
434 3768 588 3829 factiones
601 3786 620 3829 e
635 3768 1158 3857 controversiaAriauaprossotas,
1173 3792 1238 3835 ur.

120 3870 260 3949 Plautini,
274 3869 364 3933 l'aoli
373 3870 569 3931 Samosateui
578 3866 748 3948 testatoris,
765 3868 828 3931 tot.
840 3870 1238 3959 praeterimus-impru-

120 3976 236 4034 liamnt
248 3970 381 4057 quidem
387 3970 426 4030 ab
434 3968 636 4033 occidentalis
645 3970 806 4033 doctrinae
814 3970 923 4034 arnicis
933 3973 1201 4057 pertinacior-altus
1207 3982 1236 4037 et

121 4072 194 4155 ipsis
209 4070 431 4151 antesignanis,
448 4070 633 4135 Alexandro
648 4084 680 4135 et
687 4072 863 4135 Atltunosto
873 4066 1111 4138 Alexandrinis
1126 4072 1234 4153 dogma

118 4170 161 4238 tle
173 4174 337 4241 homousia
346 4172 566 4273 ssliitanpuam
577 4174 722 4259 regulam
731 4174 808 4241 lidei
819 4172 1231 4263 propuni3.poltrtimutettt
