2572 4770
515 271 742 307 ····'·······
1084 262 1180 335 ’.6

70 435 293 520 das'Origenis
314 431 355 496 de
376 434 518 497 trinitate
536 435 707 498 sententias
728 455 793 497 non
815 437 873 501 nisi
893 458 989 525 quam
1003 439 1178 506 cautissime

70 545 115 606 uti
136 542 262 615 licebit,
290 537 379 599 sicuti
400 539 517 622 ubique
535 549 568 598 et
589 536 820 598 observandum
839 539 915 618 erit,
946 553 981 603 ut
999 563 1040 603 ne
1057 544 1178 622 singula

72 643 221 722 Origenis
240 637 323 701 dicta
342 638 458 700 alicubi
480 659 590 718 graece
614 640 682 716 (ves
703 660 744 700 ex
756 640 944 721 Hieronymi
963 644 1117 705 librorum
1136 640 1179 706 de

73 744 172 830 ptine.
190 741 347 820 verstoire)
363 742 512 802 asservata
528 740 742 817 negligamus,
764 751 797 801 et
810 739 1004 821 cavendum,
1025 764 1065 804 ne
1081 744 1179 806 solius

76 844 224 907 versionis
245 839 436 902 Rufinianae
464 838 541 902 locis
576 839 713 899 nimium
746 835 970 904 demonstrasse
999 843 1176 908 videamur.

79 945 213 1010 Omnino
228 944 309 1006 nihil
322 945 381 1005 erit
395 939 483 1003 aliud
497 953 563 1002 tam
576 942 721 1001 securum
732 960 827 1003 verae
836 939 985 1023 Origenis
999 947 1177 1008 sententiae

80 1047 209 1127 tignum,
231 1066 328 1130 quam
342 1043 507 1105 cobsensus
521 1040 732 1124 complurium
746 1042 843 1126 ipsius
864 1040 1021 1107 dictorum
1041 1066 1061 1106 e
1079 1048 1177 1110 variis

81 1150 137 1226 ejus
159 1146 344 1232 (praecipue
365 1141 498 1223 graecis)
515 1141 605 1202 libris
625 1138 927 1227 deprornendnrum.
978 1143 1076 1224 Quod
1096 1149 1178 1208 reli-
1249 1230 1253 1234 Α

83 1268 168 1334 quum
182 1249 244 1325 est,
269 1246 313 1306 ita
326 1246 449 1329 semper
462 1241 671 1322 versabimur,
691 1251 744 1321 ut,
775 1256 929 1328 quantum
949 1243 983 1307 id
996 1245 1068 1315 fieri
1079 1258 1178 1330 pote-

83 1351 128 1428 rit,
146 1349 212 1434 ipsa
226 1343 521 1410 Alexandrinorum
533 1345 648 1423 verba,
668 1343 844 1430 saepissime
858 1357 985 1424 tamen,
1006 1346 1063 1408 ubi
1074 1368 1179 1410 voca·
1194 1390 1197 1400 ·

83 1452 180 1513 bulum
193 1468 341 1530 graecum
356 1468 421 1509 non
434 1444 556 1525 agitur,
588 1465 631 1506 ne
646 1464 756 1526 graece
772 1449 979 1512 commentari
997 1447 1177 1530 videamur,

83 1549 253 1614 inlatinum
267 1550 355 1615 versa
368 1551 547 1613 sermonem
560 1547 595 1626 n)
606 1548 824 1634 praebeamus.

428 1714 814 1799 Librisubsidt‘arii

83 1832 249 1901 decunctis
269 1835 391 1899 nostrae
411 1835 686 1898 commentationis
697 1834 839 1920 partibus
852 1855 916 1897 non
929 1833 1050 1900 adsunt.
1095 1835 1176 1903 Sin-

83 1942 141 2021 gula
160 1935 203 2000 ad
221 1936 324 2024 capita
345 1937 492 1999 universe
511 1939 654 2003 multum
674 1937 796 1997 facium
813 1936 887 1996 libri
912 1938 1176 2012 (historico-cri·-

82 2040 173 2118 tieo-)
187 2036 333 2119 isagogici
346 2037 379 2100 in
392 2037 579 2124 scripturam
596 2038 714 2100 sacram
725 2047 820 2121 etque
832 2047 903 2096 tum
918 2035 1177 2103 hermeneuticae
1248 2070 1250 2075 ·

80 2144 175 2227 sacree,
182 2151 256 2211 tum
273 2124 440 2219 religionis'
455 2138 640 2203 christianae
661 2135 853 2220 dogmatum
866 2149 1176 2225 praeceptorumque

80 2244 246 2321 historiam,
258 2240 315 2303 vel
328 2242 481 2320 integram
489 2287 503 2317 ‚.
509 2242 564 2304 vel
581 2260 653 2302 earn
666 2242 736 2319 ejus
749 2250 889 2326 partem,
904 2236 946 2302 ad
960 2259 1058 2324 quam
1069 2240 1176 2302 schola

78 2348 171 2410 nostra
185 2341 346 2429 pertinet,
366 2351 544 2403 tractantes.
587 2339 709 2402 Eorum
723 2340 831 2426 (siqui
844 2339 960 2418 adsint)
975 2340 1178 2426 scriptorum,

75 2448 122 2536 qni
134 2447 317 2509 nostrorum
328 2453 456 2526 patrum
469 2444 644 2528 separatam
659 2442 816 2506 rationem
833 2447 969 2522 habent,
997 2441 1175 2527 fiipsorum
1242 2514 1245 2519 ¹

74 2544 239 2635 disputatio
251 2554 354 2604 totam
368 2543 485 2627 spectat
499 2564 585 2622 rem,
613 2565 710 2630 qnam
732 2545 863 2626 singulis
884 2543 1039 2630 capitibus
1053 2541 1093 2605 de
1104 2543 1175 2604 Iin-

71 2649 148 2731 gatis
174 2643 345 2708 catechetis
369 2642 593 2727 exponendam
622 2646 795 2724 habemus,
831 2648 955 2708 nostrae
978 2646 1174 2726 singulorum

70 2750 300 2815 catechetarum
332 2744 510 2808 tractationi
537 2742 651 2830 quovis
669 2746 712 2829 [in
732 2747 834 2835 capite
848 2747 988 2812 ,nomina
1013 2744 1173 2841 praemit-⁴

69 2860 179 2917 tmus.

69 2979 274 3011 nunna-d

96 3097 125 3168 ἢ)
144 3097 184 3150 Ut
197 3094 275 3165 apud
288 3095 446 3167 origenem
460 3096 550 3150 versio
564 3097 617 3151 iste
629 3115 705 3152 nova
717 3114 736 3153 e
748 3107 844 3154 vetere
860 3088 1026 3170 (velisnsini
1038 3099 1084 3155 rel
1098 3099 1173 3154 elie·

129 3184 228 3250 rum),
259 3199 345 3251 quarn
365 3184 401 3237 iie
425 3175 592 3237 locis'dnre
614 3200 667 3238 noe
689 3196 820 3268 oportet,
852 3187 902 3256 qui
927 3187 1020 3241 letina
1041 3197 1172 3265 tantum-

129 3267 222 3322 nodo
239 3267 408 3338 supersunt,
436 3280 571 3324 accurate
590 3271 798 3342 distinguatur,
831 3283 958 3329 veterem
973 3292 1032 3329 non
1050 3277 1173 3332 induce·
1258 3298 1260 3302 ⁴

128 3371 198 3412 mne
210 3355 323 3411 usitati·
335 3356 421 3426 signis
436 3357 566 3427 „....'',
587 3357 636 3410 sed
648 3361 790 3413 conuersis
806 3361 894 3414 ”....
905 3399 934 3430 „.
976 3362 1060 3416 Idem
1072 3363 1174 3416 dicen·

130 3442 253 3496 dumeti
268 3441 456 3513 deDidymo,
472 3444 555 3508 cuiue
567 3445 793 3500 Enerretionunt
808 3456 839 3501 et
852 3448 1006 3502 Librorum
1021 3449 1056 3502 de
1068 3448 1173 3518 spiritu

129 3532 232 3584 teneto
248 3529 324 3585 nibil
352 3530 406 3584 nist
434 3530 593 3585 versionem
613 3539 739 3587 veterem
761 3533 885 3590 latinam
902 3535 1061 3603 hebemus,
1087 3542 1118 3588 et
1135 3532 1174 3589 de

130 3615 664 3674 Clementebdumbrationumcause.
865 3673 867 3677 Α
