2572 4770
381 240 551 335 Origenes
575 186 855 334 (Apologetica)l
1043 314 1047 321 ,
1098 249 1173 321 806

58 423 95 488 in
120 425 210 485 suum
235 441 406 486 commune
430 420 620 501 concilium3
654 419 784 486 illorum
809 436 917 488 autem
945 423 1109 495 dissimiles
1129 448 1174 499 ex

59 524 170 589 animo
194 523 351 610 amplexi,
381 522 532 585 meliores
551 519 584 584 in
606 522 744 603 singulos
764 522 833 588 dies
847 521 992 591 efficient.
1033 526 1080 594 Ea
1094 550 1173 601 vero

59 628 107 689 est
132 623 246 705 agendi
267 622 347 685 ratio
368 623 403 684 in
424 642 481 685 eos
500 621 555 707 qui
572 636 703 708 peccunt
725 633 757 685 et
775 624 916 688 maxime
934 626 987 712 qui
1004 626 1129 698 libidini
1140 634 1174 705 se

60 722 204 803 dedunt,
225 733 261 785 ut
274 722 347 788 illos
360 744 378 785 a
393 726 448 786 suo
462 736 554 787 coetu
567 723 767 810 prohibeant.
809 723 920 812 Atque
931 725 965 790 hi
981 731 1070 813 sunt,
1092 752 1175 820 quos

58 827 105 891 uit
119 823 227 889 Celsus
241 828 303 887 esse
316 823 434 888 similes
447 822 683 907 circulatoribus
696 824 805 913 inepte
816 826 850 889 in
861 826 932 890 iuro
946 829 1177 910 ungentibus.”

60 925 96 991 si
110 925 217 1003 Deus,
247 924 356 992 Celsus
376 923 496 1010 inquit,
509 962 513 969 ·
526 936 562 987 ut
576 921 701 1009 Jupiter
720 926 922 1006 comoediae,
951 927 1047 1011 longo
1061 933 1174 1001 somno

61 1037 266 1111 experrectus
288 1027 467 1088 humanum
491 1044 591 1106 genus
608 1027 655 1087 ab.
668 1024 764 1112 ipsius
780 1027 873 1091 musis
890 1028 1059 1095 liberatum
1077 1026 1190 1102 volsa'

60 1129 133 1203 bet,
165 1129 313 1213 quorsum
334 1125 428 1187 illum
450 1145 547 1211 quem
562 1124 665 1189 dicitis
677 1127 819 1221 spiritum
834 1128 866 1191 in
880 1150 980 1192 unum
994 1143 1097 1197 terrae
1111 1154 1177 1201 ttn·
1244 1174 1250 1197 1

62 1229 175 1309 gulum
190 1225 300 1289 misit?
342 1227 496 1311 Oportuit
514 1225 609 1289 suuili
630 1224 727 1290 modo
746 1227 903 1293 insuiilere
917 1229 1010 1295 illum
1025 1231 1059 1296 in
1072 1239 1176 1305 mults

63 1348 194 1413 corpora
215 1336 247 1389 et
264 1325 297 1387 io
319 1327 502 1389 universum
520 1328 631 1391 orbem
652 1328 808 1393 emittere.
855 1328 902 1394 At
919 1331 1108 1417 comoedus,
1137 1346 1177 1406 ut

56 1422 98 1492 in
114 1428 237 1489 theatro
252 1426 350 1491 risum
361 1429 530 1507 excitaret,
558 1429 675 1515 scripsit
688 1427 882 1492 llle'rcurium
900 1434 939 1495 ab
953 1441 1176 1520 expergefacto

62 1529 143 1595 Jove
159 1530 286 1590 missum
302 1527 343 1592 sd
356 1529 571 1593 Athenienses
584 1541 617 1591 et
629 1524 904 1596 Lacedaemonios
915 1531 1025 1598 fuisse:
1044 1549 1079 1599 tu
1097 1557 1178 1605 veto

62 1652 129 1694 nou
147 1641 240 1715 putus
252 1642 284 1692 te
299 1627 401 1710 magis
413 1631 477 1692 else
491 1626 679 1707 ridiculum,
709 1629 765 1714 qui
779 1629 842 1693 Dei
861 1632 964 1696 silium
980 1633 1019 1697 ud
1035 1635 1178 1705 Judseos

61 1733 192 1795 missum
212 1733 275 1794 else
294 1725 484 1793 contendis?
536 1725 604 1807 „Et
625 1726 658 1789 in
679 1726 774 1808 his”,
803 1733 907 1795 noller
926 1733 1030 1820 pergit
1047 1733 1107 1818 111,
1119 1738 1176 1807 78.

62 1855 96 1921 p.
112 1845 191 1905 691,
215 1833 373 1909 „observo
388 1851 485 1915 quum
496 1825 699 1891 inhonestum
715 1840 747 1890 et
758 1829 947 1918 philosopho
960 1829 1128 1916 indignum
1139 1838 1181 1903 iil

62 1931 255 1996 comoedum
273 1930 308 1992 in
323 1928 467 1993 medium
479 1926 643 1991 adducere
663 1940 696 1989 et
708 1934 781 1991 cuin
793 1925 890 2009 Jove,
914 1933 970 2018 qui
985 1934 1068 2021 apud
1083 1936 1179 2005 illum

60 2032 164 2097 mittit
178 2028 390 2110 Mercurium,
422 2046 608 2114 compsrure
621 2023 729 2090 Deum
752 2029 893 2091 nostrum
905 2029 1003 2109 hujus
1020 2033 1180 2101 universi·

61 2130 140 2196 tatis
160 2128 368 2193 conditorem.
422 2126 494 2194 Jsm
521 2130 614 2214 supra
639 2125 780 2191 diximus
806 2148 825 2191 tt
847 2126 918 2193 Deo
946 2152 1009 2195 nott
1030 2136 1118 2220 qussi
1136 2155 1180 2205 ex

60 2235 162 2312 longo
183 2234 295 2293 somno
313 2227 451 2293 excitato
470 2227 512 2293 ud
528 2230 708 2293 humanum
727 2248 830 2310 genus
856 2231 982 2295 missum
1007 2233 1181 2302 fuisisse-

60 2337 150 2410 sum,
173 2333 228 2418 qui
242 2330 335 2395 bouis
352 2329 391 2393 de
403 2330 502 2393 caulis
518 2338 610 2402 nunes
617 2323 748 2417 quidem
761 2332 955 2417 exsequutus
968 2336 1014 2399 eit
1026 2334 1179 2405 incarus-

61 2435 161 2501 tionis
177 2431 359 2511 confilium,
387 2431 442 2494 sed
462 2433 589 2517 semper
606 2448 707 2511 genus
723 2430 900 2494 humanum
919 2432 1082 2503 beneficiis
1095 2438 1181 2505 uffe-

62 2536 116 2601 cit.
159 2532 248 2601 ilibil
263 2531 351 2595 enim
366 2527 442 2593 boni
459 2530 495 2593 in
509 2528 694 2599 hominibus
709 2529 829 2593 sactum
844 2535 906 2613 est,
928 2534 987 2599 nisi
1003 2537 1077 2625 quia
1090 2537 1182 2608 divi·

64 2655 145 2703 uum
164 2634 311 2697 Verbum
327 2629 366 2696 sd
380 2651 492 2696 eorum
507 2631 631 2695 enimes
643 2629 792 2711 advenit,
814 2631 869 2718 qui
884 2636 936 2698 vel
951 2635 991 2700 ud
1006 2638 1102 2717 boue
1114 2662 1181 2729 po.

63 2746 197 2801 tuorum
211 2736 269 2798 hes
286 2736 340 2799 vel
354 2734 426 2798 illas
442 2731 549 2801 diuini¹
560 2730 662 2797 Verbi
674 2731 815 2819 recipere
830 2736 1043 2820 operationes.
1064 2737 1181 2808 'luitis

63 2836 164 2911 etism
190 2833 230 2899 de
254 2832 352 2899 cousss
370 2837 491 2897 suctum
511 2833 572 2910 eli,
594 2842 630 2894 stt
643 2831 733 2896 Jesus
745 2832 778 2896 in
794 2814 895 2898 u'num
907 2828 1060 2919 ungulum
1073 2839 1180 2906 edre·

64 2924 135 3004 nire¹
157 2935 332 3001 videretur.
384 2931 564 3020 Oportebat
585 2930 691 3012 enim,
720 2933 828 3020 utqui
850 2955 951 3000 unum
963 2935 1071 3006 Deum
1094 2938 1181 3011 docti
1204 2927 1224 2967 ‘¹

62 3040 209 3116 fueraut,
238 3036 293 3123 qui
313 3037 487 3122 prophetes
508 3034 577 3111 ejus
595 3032 760 3113 legebant,
783 3034 1005 3126 Christumque
1018 3039 1085 3115 illic
1099 3065 1181 3132 pro·

62 3140 193 3206 missum
213 3137 401 3215 audiebant,
428 3133 470 3198 ud
485 3133 558 3197 illus
576 3131 604 3196 is
625 3131 680 3220 qui
695 3136 873 3220 praedictus
884 3137 990 3205 suerat
1002 3139 1181 3231 advenires,

63 3252 99 3306 et
121 3259 160 3303 eo
182 3235 314 3325 quidem
333 3249 496 3322 tempore,
524 3253 588 3320 quo
607 3232 641 3297 in
658 3234 835 3300 uuiversum
852 3247 1026 3308 terremur
1038 3263 1181 3311 unorn-

64 3342 143 3427 gulo
156 3341 303 3403 Verbum
318 3334 440 3399 essundi
454 3333 628 3401 debebat.”
824 3326 834 3349 ”

149 3438 264 3524 Neque
283 3456 360 3501 vero
380 3437 461 3501 solos
482 3435 720 3499 criminationes
739 3454 756 3498 e
779 3435 952 3519 gentilibus
963 3439 1101 3528 prolatus
1113 3460 1181 3506 no·

63 3544 129 3608 tter
148 3542 309 3618 consutat3
335 3534 408 3617 sed,
436 3556 500 3624 quo
520 3535 660 3602 validius
674 3534 801 3602 Celsum
824 3538 967 3625 superes,
993 3542 1048 3628 qui
1064 3538 1180 3610 sudrei

65 3661 195 3733 quoque
230 3632 397 3727 personum
431 3641 656 3726 assumpserat,
711 3635 808 3703 etiem
842 3636 984 3720 judaicus
1017 3638 1182 3725 redarguit
1216 3714 1223 3731 ,

66 3743 110 3828 (l,
123 3754 162 3812 28
177 3746 242 3828 sqq.
263 3762 295 3828 p.
312 3748 371 3808 ste
386 3739 478 3825 sqq).
522 3735 728 3818 „Memini'’,
747 3735 862 3820 dicits,
877 3748 929 3808 45.
949 3762 981 3829 p.
995 3749 1073 3824 86⁰,
1096 3759 1181 3822 „me

65 3842 247 3935 quondam,
275 3860 348 3904 curn
366 3841 519 3903 haberem
539 3836 734 3924 colloquium
753 3858 825 3905 cum
848 3838 980 3905 ludaeis
1000 3860 1043 3904 ex
1065 3860 1180 3909 eorum
1212 3868 1220 3883 ·

64 3964 202 4010 numero
221 3962 302 4028 quos
324 3941 481 4028 sepientes
500 3952 633 4018 vocant,
663 3937 761 4026 idque
780 3941 890 4005 multis
914 3941 1106 4011 sdllsutibtts
1123 3941 1180 4031 qni

62 4043 190 4130 judices
209 4046 325 4121 essent,
353 4041 404 4103 his
427 4037 533 4104 verbis
553 4042 643 4102 usum
663 4044 742 4105 esse:
783 4038 886 4105 Dicite
909 4062 981 4121 vos,
1018 4064 1090 4109 cum
1113 4039 1179 4112 duo

65 4143 202 4237 quidum
221 4142 264 4211 sd
283 4142 453 4211 hominurn
471 4159 571 4220 genus
591 4136 802 4307 advenerint&
830 4138 871 4204 de
890 4140 1006 4229 quibus
1024 4143 1181 4235 stupende
