2572 4770
167 239 370 361 ‘niumm
394 263 559 377 (unct,
583 268 711 362 Augu.
731 282 765 338 ο
780 265 1021 383 nummu).
1099 274 1174 344 seo

60 449 193 529 (scilicet
212 469 255 513 ex
274 445 398 526 indole)
419 446 565 511 ”habent
583 449 706 529 uDeo‚
732 452 804 514 sunt
824 450 965 538 potiores
976 450 1176 533 hominibou

58 552 137 613 licet
161 551 356 613 excellenter
380 548 466 612 beati
491 547 553 610 sint
570 549 730 614 homines.
758 598 766 614 .
821 552 894 631 Non
919 553 1023 615 sulum
1046 551 1175 619 virtutis

59 650 273 737 scientiaeque
293 648 473 713 differentia
491 647 633 733 potiores¹
653 651 726 712 suut
745 653 867 732 angeli,
895 650 1067 715 sedetiam
1087 651 1175 738 quod

61 771 126 812 non
140 750 200 812 sint
212 752 361 830 gravibus
376 771 410 844 ap
424 748 618 836 passibilibus
626 751 773 834 perplexi
783 753 976 836 corporibus.
986 755 1022 832 ,‚)
1063 750 1175 830 „Sunt

44 914 47 918 ,
61 847 192 934 quidem
206 849 262 929 (de
275 864 313 914 tr.
322 851 382 930 111,
400 863 448 928 16,
459 853 537 931 375)
551 871 623 912 cum
635 851 777 930 animae,
799 864 869 914 tum
882 852 987 934 angeli
1000 852 1175 916 invifibitec

61 951 155 1011 oculo
182 952 321 1036 corporis
348 952 461 1030 nostri,
495 951 571 1037 quie
592 963 700 1014 carent
720 953 896 1015 visibilibus
918 952 1177 1039 proprietatibus,'

61 1048 168 1111 colore
193 1051 326 1131 scilicet,
360 1052 491 1128 habitu,
525 1050 766 1131 magnitudine3
804 1052 944 1114 visibiles
971 1065 1080 1117 autem
1102 1057 1204 1121 sunt.

61 1150 183 1229 menti,
219 1152 274 1236 qui
294 1155 340 1215 est
362 1152 473 1215 oculus
489 1151 632 1230 animae,
667 1152 821 1238 quoniam
841 1153 1176 1239 incomprehensibiles

62 1273 128 1314 non
143 1253 297 1330 existunt,
327 1263 439 1337 utpote
455 1252 566 1330 creati,
588 1249 646 1315 sed
666 1262 841 1314 eoornente
858 1253 1025 1338 complecti
1039 1265 1073 1318 et
1084 1256 1178 1336 cogi-

48 1352 182 1432 ¹tutione
206 1352 325 1439 assequi
345 1354 519 1438 possumus.
568 1350 682 1437 Itaque
702 1352 759 1414 etsi
780 1354 917 1437 spectato
934 1353 1077 1437 corporei
1091 1353 1178 1418 oculi

60 1454 193 1539 appulsu
217 1474 252 1515 ec
272 1455 361 1516 sensu
382 1453 443 1514 sint
461 1451 654 1529 invisibiles,
686 1452 822 1537 spectato
841 1465 950 1515 tamen
973 1456 1178 1541 contemplo-

61 1552 151 1615 tione
175 1574 209 1615 nc
231 1554 375 1631 scientia,
403 1573 466 1639 qua
486 1572 542 1615 eoo
559 1552 722 1636 percipere
742 1554 890 1615 volemus
910 1564 943 1615 et
959 1555 1190 1638 comprehen-·

64 1651 158 1733 dere,
180 1654 319 1716 visibiles
336 1652 445 1715 sunt.”
496 1644 585 1726 Τοὺς
600 1649 662 1733 μὲν
683 1644 799 1734 ἁγίους
818 1650 1020 1738 φωταγωγοὶ
1044 1645 1178 1738 φυλάτ-

62 1771 178 1816 τουσιν
197 1743 332 1837 ἄγγελοι
349 1749 430 1831 (vid.
451 1753 583 1830 fragm,
611 1749 698 1834 quod
720 1753 775 1813 sub
789 1749 923 1832 Didymi
945 1753 1077 1815 nomine
1098 1753 1179 1816 scri-

61 1864 154 1936 ptum
170 1853 290 1937 reperit
304 1850 524 1932 llIiugarellius
536 1886 580 1898 —
595 1850 720 1914 Comm.
734 1847 774 1912 de
787 1848 864 1913 Did.
880 1873 906 1916 c.
923 1861 973 1916 13.
994 1875 1026 1940 p.
1039 1852 1097 1917 LI.
1114 1875 1180 1936 -ς

62 1953 102 2015 cf.
117 1952 228 2014 Enarr.
251 1953 285 2014 iu
306 1967 326 2018 2
340 1952 427 2016 Petri
441 1953 461 2013 l.
476 1953 516 2014 l.:
545 1950 564 1982 ”
574 1947 761 2013 custodiunt
781 1951 885 2029 angeli
904 1951 1027 2013 sanctos
1042 1953 1129 2015 vitoe
1144 1963 1179 2017 et

62 2053 111 2114 eis
139 2052 348 2131 auxilientur,
390 2050 467 2114 dum
495 2050 643 2114 homines
669 2068 871 2135 nequaquam
898 2050 1025 2114 valeant
1055 2054 1180 2134 augelis
1250 2050 1257 2063 ’

62 2152 217 2236 praebere
230 2154 406 2235 solatia.‚,).
449 2151 565 2216 Statuit
578 2151 675 2215 etiam
691 2148 795 2212 noster
811 2150 874 2213 esse
893 2152 1098 2232 archangelos
1119 2151 1180 2233 (te

61 2250 191 2330 u.11,4,
202 2263 261 2319 137
275 2256 314 2318 al.
324 2257 412 2332 loc),
424 2240 509 2316 ¹venii
522 2252 664 2315 muneris
677 2249 724 2332 *),
745 2250 941 2336 angelosque
956 2253 1078 2317 sanctos
1090 2254 1178 2318 ullo-

62 2352 119 2436 qui
140 2372 205 2413 nun
223 2351 345 2416 dubitat
367 2356 425 2434 (ih.
440 2376 465 2417 c.
482 2366 510 2419 7.
532 2374 564 2438 p.
583 2355 669 2431 199).
719 2350 787 2430 (De
803 2351 989 2435 angelorum
1004 2355 1178 2418 immorta-

61 2453 153 2514 litate
174 2452 290 2517 videsin
310 2454 563 2535 Eschetologiem
582 2450 623 2516 de
640 2453 880 2516 immortalitate
901 2453 1083 2530 animarum
1107 2457 1178 2520 hu·-

60 2556 255 2634 manorum.)

147 2652 402 2735 Angelorum
425 2657 718 2741 apostatarum,
752 2677 832 2742 quos
852 2657 887 2718 in
910 2668 1063 2722 terrame
1085 2661 1177 2725 coelo
1250 2634 1256 2647 ’

63 2751 247 2818 deturbatos
266 2756 359 2818 fuisse
380 2757 424 2818 ait
439 2754 599 2835 Didymus
617 2754 701 2841 apud
716 2757 878 2820 Wollium
891 2755 931 2822 Τ.
945 2757 1005 2822 IV.
1018 2758 1178 2823 Anecdo·

63 2865 170 2916 torum
193 2878 224 2941 p.
248 2868 289 2922 26
314 2855 439 2934 („Cum
459 2856 529 2918 ibi'’
552 2858 691 2942 (nempe
714 2857 747 2918 in
772 2861 898 2938 coelo),
931 2858 1052 2943 inquit,
1083 2857 1177 2938 „ad-

62 2955 127 3018 huc
153 2958 253 3018 essent
279 2957 385 3036 angeli
410 2958 585 3041 apostatae,
620 2969 723 3019 terrae
743 2961 891 3021 allectum
912 2957 1095 3037 affixerant,
1132 2979 1177 3026 ex

63 3078 127 3142 quo
147 3056 229 3119 illud
249 3059 477 3142 consequutum
497 3058 558 3134 est,
587 3068 622 3118 ut
642 3078 661 3120 e
683 3059 772 3120 coelo
793 3060 957 3122 interram
976 3059 1178 3144 projiceren-

62 3158 174 3239 tur’'),
204 3177 347 3244 quosque
365 3158 401 3220 in
421 3159 601 3238 fragmento
620 3159 686 3236 jam
704 3157 834 3223 lauduto
854 3159 967 3241 (liling.
984 3159 1110 3227 Gomm.
1133 3159 1176 3225 do

62 3296 270 3318 ..ιι-.-

16 3423 18 3426 >
95 3392 125 3463 *)
148 3389 281 3442 Gabrieli
301 3387 457 3458 separetim
477 3388 554 3458 opud
572 3397 686 3458 petrem
702 3396 732 3440 et
749 3388 881 3458 spiritum
898 3391 1029 3444 sunctum
1048 3392 1177 3446 ministe-

130 3475 210 3529 rium
223 3475 327 3528 tribuit
343 3476 378 3527 de
392 3484 430 3532 tr.
446 3476 486 3542 11,
500 3475 545 3540 25,
563 3475 615 3528 296
633 3475 741 3528 verbis:
767 3477 824 3527 Kal
841 3475 968 3531 διακονεῖ
984 3475 1058 3544 αὐτῷ
1079 3478 1177 3545 (spiri-

131 3561 227 3630 tuits.)
249 3557 264 3616 ὁ
277 3559 396 3634 Γαβριὴλ
412 3557 449 3622 ὡς
461 3562 499 3629 τῷ
514 3555 717 3632 παντοκράτορι
730 3562 787 3629 θεῷ
801 3567 895 3631 πατρί.
936 3561 979 3614 lb.
994 3578 1018 3612 c.
1034 3560 1059 3613 7.
1079 3579 1107 3630 p.
1126 3562 1176 3618 199

130 3647 337 3701 nutemeidem
354 3646 823 3699 etiamaliudmuuuoedscribit:
853 3645 896 3707 Σὺ
911 3645 959 3714 δὲ
985 3645 1043 3711 nit,
1070 3638 1177 3717 oiciyre

131 3732 266 3807 Γαβριὴλ,
300 3727 521 3801 διακονήσασθαι
549 3734 587 3802 τῷ
611 3736 746 3836 ptorqqsqi
770 3731 816 3799 τῆς
842 3724 990 3804 αφράσαου
1015 3732 1176 3801 οἰκονομίας

131 3819 400 3895 (incarnationis)
380 3843 417 3883 ως
426 3823 562 3894 &sputos
573 3820 620 3875 καὶ
633 3816 730 3884 πιστὸς
742 3819 872 3887 ἔξελέγης.
907 3814 970 3866 Alio
979 3829 1098 3864 munere
1106 3814 1177 3867 sun-

130 3911 359 3981 giturMiobne'l.
401 3910 546 3983 Κρίσειτῇ
565 3901 717 3980 οπερτᾶιῃ,
746 3906 786 3958 ib.
806 3903 918 3973 inquit,
945 3897 980 3952 σὺ
998 3893 1129 3970 μὲνῶ”
1111 3917 1176 3970 cyre

132 3995 283 4069 Μιχαὴλ”
264 4014 361 4071 appar
378 3997 433 4049 τῶν
453 3990 611 4067 ἀσωμάτων
628 3996 767 4066 urpnvruit
786 3990 1009 4063 προεχειρίσθης,
1038 3987 1085 4036 καὶ
1104 3979 1175 4060 ζώνῃ

133 4075 194 4137 οἷον
207 4086 290 4153 νοερῷ
304 4078 452 4154 serpitur,
472 4083 518 4134 καὶ
534 4078 636 4136 εὐωδία
648 4099 688 4140 τις
704 4081 751 4147 τῆς
770 4074 882 4132 πάντων
899 4066 1085 4140 δεσποζούσης
1098 4088 1176 4131 nur-

22 4198 28 4221 ¹
90 4228 94 4235 .
131 4168 228 4243 “7955
231 4172 278 4239 καὶ
291 4172 465 4278 οἰκτίρμονα
476 4160 617 4242 τριάδος
601 4159 767 4320 οποὶρχειςΖ

773 4266 792 4320 2
