2572 4770
534 274 728 369 Origenes·¹
1131 285 1179 353 77

14 430 21 489 Ϊ
69 446 240 514 structione
256 454 474 535 arcaNoacbi,
500 456 541 520 sic
557 460 674 542 pergit}
702 460 820 524 ”Nunc
832 482 909 523 vero
921 466 984 540 jam
999 460 1180 549 deprecan-

14 582 19 587 ·
68 560 114 613 tes
128 572 205 615 eum
219 557 326 639 prius,
355 557 408 639 qui
422 559 504 619 solus
517 561 617 642 potest
630 558 670 620 de
684 561 819 622 lectione
831 562 872 622 V.
892 563 929 623 T.
943 569 1067 626 auserre
1085 568 1181 630 vela-

13 658 19 688 *
66 672 163 729 men,
190 666 353 718 tentemus
373 658 550 741 inquirere,
578 658 653 744 qnid
674 662 771 722 etium
788 661 933 744 spiritalis
951 664 1182 735 aedificationis

13 768 15 776 ’
66 755 231 817 contineat
244 758 411 837 magnilica
426 760 504 821 baec
518 779 607 821 arcae
622 762 851 838 constructio„
900 760 968 847 lpse
987 779 1093 829 autem
1116 790 1183 833 ex-

65 855 185 940 posrtr‘o
201 858 348 942 spiritalis
366 862 410 919 est
428 859 524 920 baec:
552 859 746 922 ”Diluviurn
770 859 867 933 illud,
899 886 962 946 quo
982 887 1082 950 paene
1103 870 1179 935 sinis

16 968 21 1007 t
66 955 466 1032 tuocdatuseltnumdo,
496 961 631 1023 sormam
650 975 737 1023 tenet
752 963 821 1022 sinis
835 962 936 1039 illius,
965 967 1180 1046 ‹prirerefu-

65 1069 158 1118 turus
177 1059 222 1118 est
240 1056 362 1119 mundi.
417 1060 486 1121 Hoc
505 1062 569 1146 ipse
594 1062 743 1125 dominus
765 1063 953 1146 pronunciat
970 1064 1049 1128 Luc.
1068 1067 1181 1151 ms,

66 1171 118 1223 26.
135 1169 186 1223 27.
237 1156 347 1219 Noster
356 1158 429 1221 No'e‘
448 1162 492 1221 est
515 1163 672 1241 (iluistus,
705 1166 787 1225 solus
807 1165 905 1239 justus
923 1176 956 1226 et
969 1168 1052 1229 solus
1066 1172 1182 1253 perfe-

65 1272 155 1335 ctus,
188 1260 239 1320 cui
260 1260 294 1318 in
314 1263 584 1323 consummatione
602 1265 779 1324 seculorum
792 1261 910 1324 dicttun
926 1268 970 1326 est
984 1288 1001 1325 a
1016 1280 1121 1350 putre,
1144 1280 1182 1335 nt

64 1364 184 1422 faceret
204 1361 261 1422 stbi
284 1382 387 1422 arcam
407 1383 449 1425 ex
469 1363 563 1440 liguis
588 1363 765 1448 quadratis,
798 1377 830 1427 et
852 1369 1016 1428 mensuras
1038 1368 1068 1428 ei
1090 1368 1182 1434 daret

65 1462 254 1524 coelestibus
269 1463 469 1527 sacramentis
483 1465 619 1548 repletas
637 1465 765 1542 (l'sabn.
782 1464 822 1531 ll.
844 1470 886 1544 8).
931 1467 1090 1530 Conticuit
1104 1490 1182 1551 ergo

65 1582 191 1639 arram,
213 1574 246 1624 et
260 1564 335 1623 facit
349 1564 381 1624 in
398 1584 435 1625 ea
452 1564 545 1625 nidos
558 1566 580 1629 i.
595 1586 622 1626 e.
636 1568 853 1651 promptuaria
868 1566 1042 1651 «praedam,
1063 1569 1181 1655 quibus

65 1662 185 1724 diversi
209 1665 334 1742 generis
355 1665 504 1726 animalia
526 1667 726 1751 recipiantur.
775 1666 841 1746 Oui
863 1669 896 1727 in
917 1688 986 1729 arca
1008 1670 1180 1752 salvantur,

65 1767 138 1826 sunt
160 1762 338 1827 Christiani.
396 1762 680 1841 Quemadmodum
699 1787 778 1828 vero
801 1768 834 1828 in
858 1789 927 1829 arca
946 1767 1015 1831 Noli
1035 1769 1181 1835 diversae
1239 1824 1242 1829 ,

65 1876 160 1926 erant
179 1867 357 1927 mansiones
378 1870 470 1943 (narn
486 1868 676 1928 bicamerata
695 1879 785 1927 erant
806 1868 956 1930 inferiora
976 1881 1009 1930 et
1027 1872 1182 1935 tricame-

10 1964 17 2041 ἓ,
65 1981 135 2031 rata
156 1968 349 2052 superiora),
384 1970 424 2028 sic
445 1968 542 2028 etiam
564 1989 629 2027 non
649 1968 799 2029 omnibus
818 1989 903 2029 unus
926 1966 1077 2053 idemque
1099 1994 1181 2056 pro·-

65 2070 172 2131 sectus
187 2070 248 2146 est,
271 2067 491 2152 unusquisqne
505 2067 539 2128 in
556 2070 612 2129 suo
626 2065 766 2144 ordine„
783 2078 816 2128 et
827 2089 879 2151 qu.
893 2069 947 2159 sq..
982 2069 1101 2133 llomil.
1118 2070 1181 2154 ΠΙ,

66 2178 95 2236 4.
113 2181 131 2235 5
155 2170 188 2230 in
202 2167 315 2233 Genes.
337 2193 369 2255 p.
387 2182 426 2235 68
450 2169 607 2250 Origenes
625 2170 730 2247 legem
750 2168 992 2231 circumcisionis
1010 2171 1181 2251 allegorice

66 2268 291 2357 explicandam
304 2273 367 2333 esse
379 2273 485 2334 statuit
499 2282 606 2331 contra
618 2267 774 2347 ludaeos,
796 2269 853 2354 qui
865 2267 1099 2348 distinguebant
1112 2274 1181 2336 cit-
1252 2334 1255 2341 ,

9 2442 19 2455 ι
67 2372 294 2435 curncisronem
306 2371 407 2434 carnis
420 2383 453 2433 et
467 2371 734 2433 circumcisionem
748 2369 866 2446 cordis,
893 2371 979 2432 sensu
995 2374 1084 2434 illam
1097 2396 1180 2460 pro-

10 2462 24 2531 ’.
67 2474 155 2559 prio,
180 2472 356 2556 improprio
375 2472 456 2534 hanc
482 2470 699 2557 accipiendam
717 2473 780 2533 esse
799 2467 1045 2552 contendentes,
1076 2476 1180 2540 veluti

67 2575 186 2638 lenem.
200 2572 261 2651 lx,
278 2584 329 2638 26.
384 2572 541 2653 Origenes
560 2573 683 2633 veroin
697 2571 844 2633 omnibus
858 2570 952 2647 loeis,
968 2574 1022 2634 ubi
1040 2575 1181 2637 circum-

68 2675 194 2737 cisionis
212 2675 249 2735 fit
267 2674 407 2751 mentio,
435 2674 620 2753 allegoriam
642 2675 746 2736 locum
765 2674 882 2735 habere
901 2673 1067 2757 opinatur,
1090 2674 1182 2740 etad
1268 2716 1271 2722 ·

69 2773 319 2839 confirmandam
332 2777 413 2836 hanc
426 2778 514 2836 snam
529 2774 716 2835 sententiam
735 2775 835 2835 utitur
853 2776 922 2835 loco
938 2772 1039 2836 Exod.
1054 2774 1113 2853 VI,
1128 2787 1181 2858 so,

68 2876 123 2937 nbi
135 2873 321 2938 llloseslleo
335 2875 520 2962 respondet:
542 2874 610 2954 Ego
627 2886 733 2935 autem
749 2875 982 2936 incircumcisus
995 2875 1087 2938 labiis
1098 2878 1180 2943 sum.

68 2973 218 3055 ”Quodsi
239 2978 371 3062 (inquit)
390 2977 657 3039 circumcisionem
677 2976 835 3037 labiorum
857 2973 898 3037 ad
921 2976 1106 3054 allegoriam
1125 2998 1184 3040 re-

8 3082 16 3117 ²
69 3077 190 3139 roratis
213 3125 220 3138 .
239 3122 246 3139 .
270 3076 432 3162 quomodo
451 3100 514 3140 non
530 3091 562 3139 et
581 3078 614 3136 in
631 3075 864 3138 circumcisione
882 3076 1040 3161 praeputii
1057 3078 1185 3158 allego-

8 3186 10 3191 '
70 3178 148 3240 riam
167 3177 379 3262 requiritis?„
429 3179 548 3241 Homil.
563 3177 621 3257 IV,
639 3190 657 3243 2
676 3177 710 3238 in
724 3176 837 3242 Genes.
857 3200 888 3262 p.
906 3191 942 3243 71
960 3180 1022 3263 sqq.
1038 3181 1186 3264 expdica-

8 3284 14 3305 ⁵
35 3284 40 3293 '
71 3290 207 3367 turpsrs
220 3280 332 3364 capitis
349 3278 475 3343 XVIII.
487 3279 528 3341 de
543 3279 644 3342 tribus
657 3279 733 3340 viris
747 3275 788 3338 ad
803 3278 1027 3340 Abrahemum
1046 3283 1203 3344 venien-·

71 3379 165 3443 tibus.
223 3379 332 3444 Verba
356 3381 503 3443 hebraica
533 3392 603 3443 Η
626 3391 792 3441 verterunt
823 3377 941 3442 LXX:
978 3370 1187 3464 εἶστὴκεισαυ

71 3472 183 3545 indm
207 3474 320 3545 oscos.
372 3481 508 3560 Quaerit
526 3478 700 3559 Origenes,
732 3477 809 3565 quid
829 3480 885 3558 sit,
914 3477 1001 3566 quod
1017 3482 1188 3563 uirisuper·

7 3588 30 3659 'i
69 3582 292 3645 Abrahamum
306 3581 456 3660 veniant,
483 3600 549 3642 non
563 3592 669 3641 contra
687 3600 773 3641 eum.
816 3577 1018 3665 Respondet:
1041 3580 1189 3659 ”Subie-

7 3690 26 3771 Ἰ.
70 3674 153 3747 reret
172 3686 205 3746 se
224 3682 384 3745 voluntati
397 3680 477 3760 Dei,
505 3678 579 3742 ideo
598 3682 777 3766 supereum
792 3678 913 3742 adstare
927 3680 1041 3743 dicitur
1055 3679 1187 3759 Deus„

6 3852 10 3863 ,
68 3781 197 3848 Deinde
212 3785 254 3846 sic
266 3784 385 3869 pergit:
410 3781 583 3867 „Apponit
595 3800 694 3866 panes
706 3778 806 3843 tribus
824 3782 981 3843 mensuris
999 3781 1186 3861 similaginis

6 3877 9 3887 ’
67 3886 259 3971 conspersos.
308 3883 389 3946 Tres
408 3883 494 3945 viros
514 3881 666 3966 suscepit,
694 3882 793 3945 tribus
815 3883 971 3945 mensuris
990 3881 1185 3960 similagines

65 4006 169 4075 panes
191 3982 368 4069 conspersit.
418 3979 539 4045 Totum
556 3980 642 4067 quod
662 3981 725 4063 egit
746 3983 931 4061 mysticum,
960 3990 1063 4041 toturn
1079 3982 1185 4043 sacra-

65 4087 190 4153 mentis
212 4076 374 4173 repletnm
392 4084 446 4146 est.
503 4082 686 4166 Apponitur
706 4081 845 4161 vitulus5
876 4099 949 4143 ecce
967 4076 1056 4140 aliud
1076 4082 1182 4146 sacra-

64 4201 225 4259 mentum
280 4184 412 4273 Vitulus
437 4183 504 4271 ipse
530 4203 596 4249 oon
618 4184 664 4249 est
684 4179 800 4263 durus,
827 4178 882 4246 sed
902 4182 1005 4246 bonus
1024 4191 1057 4247 et
1076 4192 1177 4249 tener.
