2572 4770
218 74 222 83 ·
316 74 320 80 -
422 48 434 113 ι

65 175 140 307 sili
209 286 213 293 ,
274 166 277 173 v
389 211 477 306 cap.
498 211 572 283 ΙΙΙ.
625 210 856 309 Dogmeticm

509 421 742 473 DIDIUS

116 541 165 598 Cf.
184 539 473 639 quaehsingarellius
490 541 523 596 in
542 508 672 598 editione
688 544 739 599 sua
761 543 843 615 (rid.
847 543 910 613 hut.
924 558 1035 610 mmm.
1054 561 1086 618 p.
1100 546 1130 619 S)
1144 546 1178 651 de

21 687 42 725 ⁶
111 626 288 696 Didymi
300 612 436 683 doctrina
451 626 592 696 exposuit.

133 746 294 829 Systema
306 750 399 813 suum
410 749 593 829 theologiae
604 746 765 831 Didymus
779 752 877 816 solio's
889 772 932 816 ex
949 751 1179 840 scripturae

63 848 201 911 sacrae
224 847 316 913 dictis
340 852 502 914 exstruere
522 859 672 933 conatur,
704 870 810 937 neque
830 855 876 915 est
894 876 949 916 cur
969 855 1031 916 hoc
1051 855 1178 921 uberius

64 945 336 1028 demonstremus,
361 951 480 1037 quippe
500 949 587 1038 quod
604 970 716 1014 omnes
729 948 890 1016 librorum
903 951 944 1016 de
957 956 1100 1019 trinitate
1116 979 1177 1043 pa-

61 1049 177 1129 ginae,
207 1047 299 1114 dictis
316 1050 472 1115 librorum
489 1050 648 1112 sacrorum
668 1053 875 1137 probantibus
894 1057 1047 1135 refertae,
1077 1057 1177 1123 ditet-

62 1148 180 1211 tissime
206 1149 384 1216 ostendant.
443 1150 682 1230 Ar3umentum
713 1173 756 1214 ex
786 1151 1012 1221 traditione
1040 1160 1175 1245 petitum

63 1240 192 1330 attingit
213 1250 361 1336 quidem,
388 1248 528 1314 sednon
546 1264 655 1332 urget,
681 1251 763 1314 illud
781 1263 908 1342 tantum
926 1257 1096 1323 haereticis
1116 1282 1176 1323 ve-

26 1390 30 1399 ·
63 1351 126 1415 luti
146 1351 249 1413 obiter
269 1354 460 1438 exprobrare
480 1363 666 1432 contentus,
695 1373 815 1416 noram
836 1358 899 1418 esse
921 1376 1036 1421 eorum
1055 1358 1176 1423 doctri-

63 1472 156 1531 nam,
188 1452 335 1540 ipsosque
357 1472 400 1514 ex
421 1450 630 1531 „inconcussa
649 1452 775 1517 domo”
796 1452 851 1534 (de
868 1457 942 1521 trin.
963 1458 1019 1524 lib.
1036 1458 1079 1524 lt
1102 1484 1129 1524 c.
1146 1474 1174 1528 6.

61 1575 95 1640 p.
113 1556 203 1632 174),
234 1574 276 1615 ex
291 1552 418 1615 ecclelia
436 1555 571 1632 egressos
594 1555 667 1618 esse.
714 1553 870 1618 Attamen
886 1560 977 1635 juxta
990 1560 1176 1646 scripturam

60 1654 85 1716 s.
105 1653 237 1715 omnino
263 1675 282 1716 a
300 1657 405 1716 nostro
428 1656 526 1718 etiam
549 1651 754 1718 traditionem
775 1669 927 1747 tanquam
949 1657 1029 1722 fidei
1053 1665 1176 1726 sontem

60 1766 224 1838 acceptam
237 1756 317 1834 esse,
344 1758 411 1835 jam
427 1756 533 1836 colligi
551 1754 659 1817 licebit
676 1775 718 1817 ex
732 1763 840 1822 crebro
859 1761 1004 1823 vocabuli
1027 1764 1175 1824 ortho-

8 1868 11 1877 '
62 1852 216 1917 doxiae
244 1859 299 1920 usu
326 1861 446 1944 (quam
465 1855 597 1945 quidem
616 1855 652 1917 in
669 1858 882 1953 sustentandis
903 1860 1038 1924 decretis
1058 1863 1174 1926 Nicae-

59 1957 113 2021 nis
134 1959 276 2022 maxime
295 1960 420 2045 pouit)3
450 1959 491 2029 cf.
508 1958 549 2022 de
561 1959 636 2021 triu.
649 1957 692 2038 II,
711 1973 759 2026 11.
781 1983 812 2047 p.
829 1968 907 2042 2473
935 1975 987 2042 et,
1002 1973 1086 2043 3093
1114 1963 1171 2045 111,

60 2071 92 2141 8,
110 2068 170 2129 sat
188 2063 229 2125 al.
244 2063 304 2125 loe.
345 2061 514 2126 Praeterea
533 2062 569 2122 in
585 2059 741 2127 Enarratt.
761 2061 796 2123 in
811 2079 826 2128 ι
842 2061 927 2125 Petri
940 2063 983 2129 11.
1007 2065 1168 2144 (biblioth

60 2176 143 2250 patr.
171 2185 257 2228 max.
279 2161 385 2244 Lugd.
409 2162 448 2227 T.
467 2162 549 2245 IV.)
563 2171 607 2248 'p.
630 2168 700 2228 set.
728 2159 769 2226 D.
799 2160 861 2224 dici
884 2164 1057 2254 quicquam
1085 2178 1171 2231 vetat

34 2286 38 2295 ’
58 2265 217 2353 ἶίιιιειιιι
232 2266 357 2330 sensum
377 2275 409 2327 et
426 2266 603 2327 sanctiones
620 2263 878 2343 ecclesiasticas„

145 2365 349 2450 Quamquam
370 2366 405 2428 in
424 2366 544 2452 scriptis
560 2385 641 2452 quae
654 2366 818 2450 supersunt
829 2362 990 2446 Didymus
1012 2367 1169 2455 imprimis

57 2467 215 2532 acuminis
228 2467 351 2547 ingenii
365 2477 413 2545 et,
436 2478 471 2526 ut
483 2466 528 2526 ita
542 2463 661 2545 dicam,
682 2464 984 2530 doctrinaehiblicae
997 2468 1168 2554 specimina

58 2566 177 2646 edidit,
198 2578 325 2646 tamen,
347 2566 439 2651 isque
454 2564 603 2642 Origenis
620 2562 797 2627 doctrinam
809 2585 845 2627 ac
859 2564 994 2630 docendi
1009 2572 1168 2636 rationem

55 2667 146 2735 haud
158 2666 361 2731 rnediocriter
372 2664 546 2729 admiratus
559 2661 606 2743 (id
614 2663 1095 2749 quodlllingarelliusVeterum
1102 2673 1168 2737 Te-

55 2773 182 2837 utnon.
197 2768 237 2837 de
247 2768 323 2832 Did.
339 2770 373 2832 in
384 2766 434 2835 ed.
450 2769 503 2830 luo
516 2788 549 2852 p.
557 2767 690 2852 stssqq.
705 2770 954 2853 comprobavit),
974 2773 1168 2859 philoso-

26 2873 190 2961 ¹phium
204 2895 245 2936 ex
252 2871 412 2951 theologia
419 2868 553 2931 minime
560 2868 707 2947 removit,
720 2865 870 2946 sedjuxta
879 2863 1062 2952 τῆνπίστιν
1073 2869 1168 2952 τοὺς

55 2967 209 3058 λόγους
226 2964 439 3060 plurirniiecit
450 2972 505 3052 (cs.
515 2966 556 3031 de
568 2969 641 3031 trin.
649 2967 709 3047 111,
722 2981 749 3046 1,
760 2973 847 3050 816).
882 2968 932 3033 Ita
945 2972 979 3033 in
988 2971 1168 3039 Commen-

52 3075 142 3138 tariis
162 3075 197 3136 in
210 3074 293 3138 Acta
309 3074 538 3161 Apostolorum
555 3067 597 3132 ad
617 3089 683 3155 cap.
697 3068 773 3133 VII.
796 3069 836 3134 T.
849 3069 908 3135 IV.
923 3071 1167 3140 Anecdotorum

53 3174 171 3243 Wolfii
189 3198 221 3261 p.
236 3185 277 3245 23
295 3175 405 3255 docet,
432 3170 637 3255 „doctrinam
656 3180 823 3234 externam
844 3194 910 3235 non
933 3176 1066 3238 omuino
1082 3199 1165 3240 con-

51 3276 262 3342 temnendam
283 3279 364 3359 esse;
390 3277 427 3339 in
443 3270 540 3337 laude
558 3273 645 3335 enim
664 3272 811 3358 ponitur,
840 3271 927 3358 quod
945 3272 1050 3339 Moses
1074 3280 1164 3342 omni

50 3380 206 3466 sapientia
222 3378 458 3465 Aegyptiorum
478 3375 577 3439 suerit
597 3375 782 3452 instructus,
817 3373 896 3436 sicut
918 3385 951 3436 et
968 3373 1009 3438 de
1026 3376 1164 3443 Daniele

51 3492 87 3544 et
106 3482 197 3545 sociis
217 3483 287 3560 ejus
299 3476 429 3542 iudaeis
448 3475 665 3562 praedicatur,
694 3472 780 3562 quod
798 3494 911 3537 omnes
930 3477 966 3538 in
979 3476 1165 3543 Chaldaeo-

49 3603 124 3646 rum
158 3581 358 3670 philosophia
390 3576 601 3664 affinibusque
628 3577 766 3640 scientiis
795 3577 1014 3662 superarint”‚
1053 3592 1161 3669 atquo,

48 3684 129 3749 sicut
141 3682 317 3769 superiores
329 3678 559 3759 Alexandrini,
579 3675 742 3740 interdum
759 3680 814 3756 (cf.
829 3678 953 3743 Corum.
972 3677 1014 3742 ad
1028 3678 1101 3746 Act.
1115 3681 1162 3764 II,

48 3797 91 3855 26
110 3785 146 3849 in
163 3784 280 3850 Wollii
299 3779 459 3847 Anecdot.
478 3778 537 3860 IV,
560 3783 614 3859 11)
642 3780 921 3866 „simpliciorum”
945 3781 1119 3845 sententiae
1140 3804 1161 3845 a

47 3885 112 3950 suis
125 3886 256 3972 separet.
299 3883 410 3989 Nepos
422 3881 518 3962 igitur
533 3881 651 3944 mirum
669 3881 730 3962 est,
752 3878 839 3968 quod
852 3883 1063 3969 profanorum
1081 3884 1160 3947 scri-

47 3995 176 4070 ptorum
210 3983 293 4051 dicta
322 3980 409 4046 haud
433 4003 504 4047 raro
531 3983 690 4063 allegavit.
747 3982 799 4047 Sic
826 3979 865 4045 de
889 3984 963 4049 trin.
982 3982 1009 4063 I,
1034 3996 1089 4064 26,
1117 3997 1158 4051 29

47 4083 159 4151 lautu
175 4080 255 4165 τοὺς
273 4077 356 4167 ἔξω,
386 4095 481 4175 atque
503 4082 546 4149 ib.
560 4082 621 4169 111,
643 4098 672 4167 1,
694 4093 754 4154 stt
777 4096 813 4150 et
833 4094 862 4167 6,
886 4094 946 4155 oet
965 4085 1156 4161 Aristotelis,
