2572 4770
39 204 199 351 ‘'ct·
361 216 978 389 ''eaprrurrme'euren···
1087 338 1090 345 ,
1164 216 1177 345 ἶ.

106 452 164 527 stri
181 428 311 541 capituli
328 446 496 513 rideamne
512 438 693 514 exordium:
703 456 724 530 3,
767 448 839 512 ”lii
856 445 1039 527 theseum„
1067 444 1221 511 alidl'oc'e

18 522 23 543 .
108 558 202 634 dicit,
223 551 265 616 de
276 550 375 638 princ.
388 544 447 629 Ν,
463 562 514 617 23.
529 550 603 617 'vol
615 550 643 630 Ι,
666 564 743 631 186·,
771 552 833 613 ”ut
848 540 1223 641 inueniriposlipt,'1lei

107 655 267 739 adjutorio
280 671 362 738 opus
375 653 430 731 est,
447 653 503 738 qui
514 653 600 718 sulus
610 654 713 740 potest
726 662 834 740 portae
847 670 972 731 aereae,
991 649 1108 735 quibue
1122 646 1223 711 clnnfi
1247 680 1250 685 ·

106 760 231 827 suntet
249 747 443 830 absconditi,
475 744 673 835 emungere
694 765 726 816 et
747 754 830 814 serae
849 751 970 845 serrone
989 749 1223 828 comminuere,

106 857 224 949 quibus
243 853 431 941 prohibetur
449 851 604 931 ingrell'ue
623 852 834 939 perveniendi
857 850 897 915 ad
922 850 1048 928 omnia,
1079 866 1167 935 quee
1184 847 1224 913 ln

51 980 55 991 ·
108 958 225 1031 Geneli
236 952 277 1019 de
291 952 422 1016 diversis
437 954 616 1016 animarum
631 955 799 1034 generibus
811 952 921 1039 scriptu
935 953 1006 1014 sunt
1019 959 1053 1013 et
1064 952 1223 1028 obtecta„

107 1038 143 1127 et
156 1076 238 1147 quae
251 1058 293 1142 sq.
342 1054 408 1118 Etli
428 1053 592 1139 veroquis
603 1050 725 1116 donum
738 1052 819 1115 illud
834 1052 991 1116 divinitus
1007 1050 1129 1136 eocepit
1142 1050 1224 1114 scri-

107 1168 236 1253 ptorem
249 1157 366 1219 suanm
378 1155 507 1234 mystice
519 1151 765 1241 interpretandi,
792 1154 922 1241 ineptus
937 1164 1046 1215 tamen
1062 1162 1096 1213 et
1110 1156 1225 1213 terne-

107 1262 212 1329 rarius
231 1257 344 1334 suerit,
373 1255 519 1339 lilperet
538 1253 629 1333 iore,
656 1267 693 1316 ut
710 1276 840 1335 omnen,
865 1275 946 1341 quoe
968 1250 1099 1316 dirinue
1117 1250 1224 1315 codet'
1237 1278 1248 1309 ·.

108 1357 346 1445 complectitur,
365 1356 614 1419 ercanoesenlue
627 1357 801 1441 perspicial.
851 1356 1085 1423 lmrnenium
1115 1351 1226 1417 enirn

31 1448 78 1533 ”,
110 1442 274 1525 divinae
295 1456 521 1541 sapientiae
539 1456 768 1519 thesaurum
788 1457 973 1520 continet
992 1456 1015 1518 s.
1037 1456 1076 1531 l.‚
1103 1456 1226 1533 cuiue

43 1558 47 1565 '
110 1560 298 1638 exiguam
324 1567 482 1618 tanturn
510 1567 664 1641 purtem
684 1568 840 1620 mentes
860 1556 1101 1642 corporibus
1120 1572 1241 1618 con--

109 1662 245 1727 clusae
271 1656 348 1719 sibi
375 1676 609 1741 comparare
636 1659 810 1740 possunt.
863 1658 932 1719 Hoc
955 1653 1226 1742 docetdeprine

105 1758 170 1838 w,
187 1771 217 1825 9.
235 1770 283 1823 10.
328 1755 651 1835 ‚‚Erangeliorum,”
671 1756 775 1841 inquit
789 1761 813 1842 ξ.
831 1771 879 1824 to.
902 1780 934 1843 p.
957 1769 1034 1833 167,
1062 1774 1229 1832 ‚‚eccure-

107 1872 162 1926 tue
176 1862 299 1935 seusun,
316 1866 429 1942 utpote
444 1855 557 1921 Christi
568 1856 691 1936 senine,
710 1868 783 1938 eget
796 1850 905 1939 gretie.
922 1907 954 1922 ..
997 1855 1229 1945 Apollolormtr

38 1994 42 2009 =
108 1973 220 2029 eutem
241 1938 394 2044 epistolae
415 1956 543 2018 cuinam
562 1957 662 2036 sagaci
681 1970 714 2020 et
731 1960 838 2043 perito
854 1962 1039 2023 sermonum
1055 1950 1157 2039 judici
1166 1960 1229 2025 ri-

54 2106 60 2111 -
110 2062 250 2129 deantur
268 2068 396 2145 epertae
419 2068 515 2142 etque
532 2056 697 2120 intellectu
715 2057 824 2122 sncilee
838 2107 846 2123 .
860 2057 895 2124 ‚i
936 2058 1019 2140 Quia
1031 2061 1132 2123 etiam
1143 2080 1230 2149 quae

42 2186 47 2195 ·
110 2162 252 2231 dolrenni
271 2160 414 2223 revelata
432 2160 503 2220 litut
521 2160 631 2237 legere
649 2178 715 2219 non
726 2160 921 2245 obstupescat
933 2160 969 2223 in
980 2160 1230 2229 occultationem

79 2230 87 2249 ι
109 2238 358 2345 mysteriorum.
374 2257 407 2321 ..Ρ
448 2256 543 2335 Quae
559 2280 633 2321 cum
648 2261 694 2321 ita
708 2261 740 2322 ie
753 2261 892 2325 ltnbeent
904 2273 937 2323 et
948 2282 1049 2349 prope
1064 2260 1253 2329 innumeri*
1267 2312 1271 2321 ·

110 2352 277 2435 lenietur,
303 2380 369 2421 nun
387 2358 453 2419 fine
471 2358 613 2441 periculo
633 2361 705 2444 quie
729 2360 1000 2446 pronuntiaverit,
1034 2364 1068 2426 ie
1087 2365 1231 2447 legendo

89 2460 93 2467 '
111 2460 310 2539 intelligere,
343 2477 425 2543 quae
444 2455 591 2538 indigent
608 2460 691 2523 clavi
708 2461 961 2542 intelligentiae,
979 2484 1077 2551 quern
1090 2458 1234 2536 selveto'r

112 2580 216 2651 penes
232 2557 313 2638 legin
330 2557 451 2643 periton
469 2558 532 2621 else
552 2559 636 2623 eit.”
690 2558 879 2649 Quinetiam
897 2566 922 2647 l.
935 2574 988 2631 26.
1008 2550 1119 2651 psm
1136 2568 1234 2635 affir-

111 2680 203 2729 mare
226 2680 291 2722 non
313 2655 453 2733 dubitet,
479 2678 629 2739 magnam
647 2656 853 2743 mysticomm
865 2665 889 2727 i.
902 2666 922 2726 s.
937 2665 1084 2729 sensuum
1102 2676 1234 2755 perlem

114 2758 350 2849 ipfimetl‘nulo
363 2778 429 2820 non
441 2770 590 2843 apertum=
599 2762 703 2827 inisse.
730 2763 751 2795 ‘'
757 2761 793 2827 si
803 2764 887 2849 quie,
895 2812 915 2844 „
929 2763 1050 2852 inquit,
1062 2758 1235 2839 ”mrtem
1262 2828 1265 2833 .

114 2860 377 2948 explanationem
394 2858 590 2940 singulorum
611 2864 768 2948 requirat,
792 2864 901 2927 veniat
914 2877 948 2927 et
961 2869 1128 2935 nobiscnm
1138 2876 1235 2959 peti-

114 2972 167 3025 ter
184 2957 310 3032 audiat,
340 2956 503 3046 quomodo
517 2960 636 3024 l‘aulne
654 2964 818 3049 apostolae
831 2986 891 3051 per
907 2968 1053 3053 spiritum
1070 2973 1234 3054 sunctum,

115 3059 174 3148 qni
186 3062 401 3147 perlcmtatur
415 3060 513 3122 etiem
527 3061 688 3147 profunda
699 3063 782 3143 Dei,
810 3065 1013 3133 altitudinem
1031 3069 1163 3139 divinee
1179 3076 1236 3140 se-

113 3162 258 3251 pientiee
274 3181 311 3224 ac
328 3161 477 3223 scientiae
495 3162 654 3244 scrutans,
678 3186 738 3229 nec
752 3177 862 3230 temen
874 3166 915 3230 nd
927 3170 1043 3251 finem,
1065 3186 1117 3254 et,
1135 3176 1235 3241 ntite

116 3260 267 3341 dixerim,
282 3259 325 3323 ad
333 3261 481 3325 intimem
495 3265 709 3343 cognitionem
720 3269 911 3354 preerelene
920 3273 1101 3359 pervenire,
1114 3274 1237 3366 despe-

116 3364 242 3428 retione
260 3362 309 3425 rei
328 3373 362 3423 et
379 3362 506 3448 stupore
524 3364 642 3429 clamat
661 3360 695 3429 e't
713 3366 807 3432 dicitr
841 3368 874 3435 0
891 3371 1028 3435 altitudo
1045 3370 1238 3446 dirit'nrum

116 3461 289 3552 sapientiae
313 3472 347 3524 et
362 3462 510 3526 scientiae
532 3462 607 3530 Dei.
656 3467 699 3531 Et
723 3469 811 3555 quod
830 3469 1049 3559 desperatione
1071 3480 1238 3563 perfecte·

118 3562 411 3653 comprehensionis
439 3565 502 3627 huc
524 3569 801 3653 pronunciaverit,
834 3571 910 3635 eudi
929 3575 1031 3658 ipsum
1053 3575 1237 3647 dicentem

118 3662 229 3753 Quam
239 3662 453 3726 inscrutabilia
466 3666 537 3728 sunt
551 3664 668 3759 judicia
680 3667 746 3734 Dei
757 3684 792 3735 et
804 3694 903 3762 quem
912 3675 1149 3758 investigando
1162 3684 1239 3747 riae

119 3766 203 3845 eine.
243 3762 319 3828 sion
334 3762 424 3827 enim
436 3760 530 3847 dicit,
551 3764 681 3833 meite
694 3775 782 3858 posse
792 3776 921 3839 stratui
938 3775 1058 3856 judicie
1070 3777 1155 3861 Dei,
1181 3780 1240 3849 sed

121 3865 256 3928 omnino
268 3884 333 3927 non
345 3864 450 3951 pols03
471 3884 530 3930 uec
542 3865 626 3933 dixit
636 3867 766 3955 difficile
778 3875 959 3957 investigari
971 3868 1238 3967 posserieeeiu',

121 3961 177 4025 led
191 3984 257 4027 non
270 3964 359 4050 posse
372 3964 564 4050 investigari.
605 3967 998 4063 Quentnmcnnqueenim
1012 3981 1242 4068 quininsrru-
1276 4016 1278 4025 ·

122 4058 222 4125 tendo
238 4080 426 4149 promovent
443 4079 478 4132 et
495 4068 600 4134 studio
617 4071 790 4139 intentiore
805 4093 1011 4164 promovent,
1030 4084 1133 4163 gretie
1147 4104 1239 4171 qno-

68 4166 73 4183 ·
123 4178 189 4247 que
208 4159 273 4229 slei
294 4162 424 4249 edjutoa
448 4170 604 4262 wuqee
618 4173 850 4285 ‘illuminatum
876 4176 921 4249 ed
937 4181 1119 4269 petrum
1134 4182 1237 4255 hu
