2572 4770
386 307 558 398 Origeneo
582 264 922 407 (1lrr'iflologiap
1106 254 1181 395 245¹

65 486 146 549 tinm
166 481 283 570 ipsam,
312 487 411 572 ipsam
430 488 617 569 veritatem,
645 487 684 555 τὸ
704 490 740 555 δὲ
755 491 881 580 θνητὸν
896 488 1001 559 αὐτοῦ
1013 495 1110 611 oripo
1122 499 1180 565 nod

65 610 135 681 την
100 578 355 671 ἀνθρωπίνην
368 581 458 650 ἔν’
417 608 510 672 αυτῳ
490 587 631 675 ψυχὴν
644 593 686 680 τῆ
700 591 788 677 πρὸς
801 586 974 658 ἐκεῖνον’
935 615 977 657 ου
986 589 1089 674 μόνον
1102 620 1179 664 κον-

64 670 185 773 νωνίᾳ,
215 679 301 748 ἀλλὰ
320 685 376 748 καὶ
399 677 516 752 dudunt
536 711 592 754 και
584 685 826 780 ἆναγκράσει,
852 715 895 756 τυ
880 689 1053 778 μέγιστά
1067 712 1178 783 φαμεν

64 782 349 872 προςτιληφὲναι,
388 807 446 849 και
474 786 535 872 τῆς
563 783 693 855 ἐκείνου
712 786 884 878 θεότητος
913 790 1177 883 κεκοινωνηκότα
1260 832 1265 849 ·

65 910 118 965 εις
128 879 212 952 θεον
222 884 538 971 μεταβεβηκέναι
539 892 602 953 οἱ·
592 914 625 953 rn
640 892 713 956 soh.
728 891 767 954 T.
782 891 929 974 ΧΙΧ,;6
952 896 1107 978 oCelRI,
1122 910 1174 966 66ῑ

63 994 202 1078 psol).
249 987 362 1072 Itaque
381 987 441 1048 ”et
457 989 543 1053 filius
564 989 627 1054 Dei
648 1005 793 1056 mortuns
812 994 874 1055 effe
898 942 1013 1058 dicitur
1021 1021 1113 1084 ,pro
1135 1021 1174 1065 eu
1264 994 1267 999 ¹

63 1092 182 1154 scilicet
200 1099 331 1164 natura,
357 1106 439 1172 quno
455 1102 592 1153 mortem
606 1092 715 1179 utique
731 1094 872 1180 recipere
884 1102 1023 1180 potetat,
1044 1112 1077 1161 et
1087 1101 1175 1167 filiun

61 1193 206 1263 hominis
230 1189 425 1275 appellatur,
459 1191 515 1275 qui
538 1203 695 1254 venturus
716 1194 749 1255 in
769 1192 831 1257 Dei
855 1195 953 1279 patris
973 1198 1073 1277 gioria
1099 1222 1173 1264 cum

62 1293 178 1355 sanctis
197 1290 318 1370 angelis
339 1288 547 1375 praedicatur.
588 1292 630 1355 Et
647 1294 706 1354 hnc
722 1291 863 1357 decania
879 1316 1080 1382 peromnem
1094 1301 1174 1365 ntia

61 1406 193 1480 pturem
225 1403 292 1454 tom
323 1388 433 1453 divina
463 1405 576 1455 natura
605 1395 756 1459 humanis
787 1398 951 1460 vocubulis
982 1401 1172 1484 oppellntur,

62 1515 162 1579 quam
179 1495 321 1554 humano
340 1503 453 1554 unturn
477 1490 605 1556 divinae
626 1497 869 1582 nuncupationis
885 1498 1057 1578 infignihos
1070 1499 1174 1563 deco·-

61 1606 160 1657 ratur.
215 1590 318 1671 Magis
343 1591 431 1653 enim
455 1589 497 1654 de
516 1596 593 1674 hoo,
621 1617 718 1682 quam
740 1595 781 1659 de
801 1598 869 1659 ullo
888 1599 952 1660 alio
976 1598 1037 1661 dici
1059 1586 1188 1684 potest,'

60 1693 149 1780 quod
163 1693 312 1778 scriptum
326 1686 387 1770 eft,
415 1693 490 1778 quio
506 1698 707 1759 eruntnmbo
721 1698 860 1759 incarne
875 1717 955 1777 une,
975 1711 1007 1761 et
1024 1703 1088 1778 jam
1104 1722 1173 1765 nou

59 1799 134 1858 funt
147 1792 229 1871 duo,
251 1792 305 1855 sed
320 1814 390 1855 caro
405 1815 498 1872 una„
517 1794 573 1873 (de
584 1795 684 1880 princ.
698 1794 742 1872 11,
758 1809 787 1872 6,
805 1807 833 1861 3.
856 1818 887 1881 p.
904 1800 970 1876 90).
1014 1801 1171 1862 Attamen

59 1898 117 1976 (of.
133 1918 158 1958 c.
176 1891 301 1971 celtll,
318 1906 347 1958 9.
370 1915 401 1977 p.
418 1903 477 1958 393
492 1906 525 1955 et
535 1896 662 1971 ailon,
686 1895 740 1956 ubi
753 1886 852 1977 λόγος
865 1896 1046 1976 nanterus,
1067 1897 1121 1959 fed
1134 1899 1171 1959 in

56 1998 130 2062 Jeiu
141 1997 233 2056 fuisse
244 1993 372 2068 dicitur,
389 1992 583 2055 ficutietiarn
592 1993 1036 2059 Coteuainl'ialrnosassnlth.
1046 1996 1172 2061 Corde-'-

57 2100 107 2163 rio
120 2096 209 2158 edita
224 2092 263 2156 nd
277 2092 325 2156 Pi.
335 2090 443 2167 XLII,
460 2103 477 2157 3
493 2094 625 2156 exhibet
637 2095 736 2156 verba
750 2095 831 2157 haec
842 2115 884 2156 ex
893 2094 1051 2176 Origene:
1067 2085 1171 2176 ''lixo-

57 2219 120 2281 μεν
135 2188 295 2283 ἀρχιερέα
315 2188 418 2276 μέγαν
433 2184 560 2277 Ἰησοῦν
580 2188 639 2258 τὸν
658 2186 732 2257 υἱὸν
748 2193 810 2257 τοῦ
831 2191 917 2257 θεοῦ
941 2190 1170 2277 ἐνδεδυμένον)

57 2297 188 2385 proprie
207 2295 340 2358 omniuo
361 2293 466 2356 aliae
487 2293 666 2356 virtutes
691 2295 859 2380 aliaque
879 2314 998 2379 opero
1022 2298 1170 2359 humo-

56 2419 150 2477 που,
188 2398 272 2458 alin
299 2392 471 2456 divinae
497 2407 673 2459 naturae
695 2399 785 2458 tunt
805 2393 1041 2476 tribuendu3
1070 2387 1170 2459 dnti-

55 2519 117 2584 νος
149 2497 191 2584 τῇ
222 2489 320 2581 οὐσίᾳ
348 2491 457 2575 μένων
485 2483 585 2578 λόγος
613 2488 710 2559 οὐδὲν
737 2493 799 2575 μὲν
826 2488 949 2574 πάσχει
976 2480 1020 2559 ὧν
1045 2487 1170 2575 πάσχοι
1270 2500 1273 2513 “

54 2598 99 2664 τὸ
115 2599 213 2678 σῶμα
229 2589 253 2684 ᾖ
269 2585 289 2682 ἡ
307 2590 398 2680 ψυχὴ
420 2599 461 2675 (c.
481 2593 560 2659 Cels.
575 2594 634 2676 lv,
652 2606 700 2662 15.
723 2620 755 2683 p.
773 2601 859 2676 511).
909 2595 988 2676 „De
1003 2597 1170 2679 unigenito

56 2702 122 2767 Dei
141 2704 273 2784 ejusque
292 2709 405 2759 natura
424 2699 520 2776 longe
540 2698 601 2759 alia
617 2699 741 2760 ratione
754 2695 962 2777 judicandum
975 2699 1037 2775 ost,
1065 2690 1167 2782 ¹quant

10 2790 12 2795 ⁵
56 2803 100 2865 de
119 2801 269 2878 homino‘,
298 2800 353 2884 qui
368 2799 403 2859 in
416 2795 489 2860 Jeru
504 2798 567 2859 eiie
578 2798 779 2878 intelligitur.
821 2797 914 2863 Unde
928 2799 1054 2859 nultum
1071 2796 1169 2859 chri-

55 2905 194 2969 stianum
213 2898 323 2962 videns
342 2901 395 2962 rel
416 2900 499 2961 inter
519 2898 761 2984 fimplicitlirnos
782 2910 815 2963 et
829 2898 1084 2985 exquifiu'oribus
1098 2898 1169 2960 nu·-

54 3004 120 3070 diis
138 3003 272 3065 minime
293 3000 481 3077 innutritos,
515 2998 571 3083 qui
596 2996 703 3061 dicant
728 3011 887 3062 mortuom
913 3001 976 3061 elie
999 2999 1170 3065 veritatem

53 3109 112 3171 vel
130 3107 231 3167 vitum
244 3103 297 3164 vel
312 3102 400 3162 viam
418 3101 471 3160 vel
483 3119 601 3184 panem
617 3098 745 3176 vivum,
772 3099 828 3185 qui
841 3098 881 3160 de
895 3100 984 3161 coelo
996 3096 1169 3178 descondit,

52 3209 111 3272 vel
129 3201 416 3268 resurreetionom”
438 3204 480 3279 (c.
503 3196 674 3277 convo,
701 3213 747 3264 16.
770 3220 801 3285 p.
824 3204 910 3280 706).
959 3198 1025 3280 „Si
1045 3203 1171 3286 specte·

52 3320 110 3372 tur
130 3307 221 3370 tetus
246 3304 369 3364 ratione
391 3299 567 3363 divinitatis
592 3299 729 3384 quaein
751 3299 816 3385 ipso
840 3312 926 3379 erat,
961 3322 1000 3363 ea
1024 3321 1106 3386 quoe
1132 3308 1169 3361 ut

53 3408 148 3473 Deus
161 3405 254 3482 fecit,
275 3405 378 3464 sancta
394 3403 483 3479 sunt,
502 3401 641 3462 nonullo
656 3398 752 3462 modo
762 3401 824 3463 Dei
836 3402 958 3464 notioni
972 3410 1168 3486 repugnant3

54 3520 214 3596 quatenus
227 3516 336 3567 nutem
350 3505 448 3564 bomo
462 3512 549 3580 erat,
575 3521 651 3585 prae
671 3502 783 3563 ceteris
795 3514 926 3566 ornatus
940 3506 1062 3566 somma
1075 3496 1167 3563 verbi

23 3608 29 3617 '
52 3608 154 3695 ipfius
177 3616 210 3668 et
226 3605 398 3690 sapientiae
418 3602 516 3688 ipfius
531 3600 789 3689 participatione,
816 3605 920 3689 passus
936 3605 1028 3666 estut
1042 3599 1167 3684 sapiens

53 3704 89 3773 et
105 3710 281 3795 perfectus,
302 3724 510 3788 quaecunque
523 3706 689 3789 oportebat
701 3703 767 3789 pati
781 3722 873 3782 eum,
895 3704 951 3788 qui
963 3700 1087 3782 generis
1098 3699 1168 3759 hu-
1203 3696 1206 3701 '

52 3811 144 3875 muni
166 3819 222 3873 aut
244 3807 341 3870 etiam
362 3816 548 3867 naturarum
567 3803 815 3884 intelligentium
828 3803 927 3883 groti'a
942 3801 1049 3865 omnin
1063 3798 1168 3861 incie-

53 3912 137 3977 bnt”
158 3911 216 3989 (ib.
240 3907 264 3985 ν).
282 3921 329 3973 17.
352 3930 384 3993 p.
400 3910 488 3985 706).
531 3904 581 3969 Ita
599 3916 632 3967 et
650 3905 750 3967 animi
764 3901 928 3983 aegritudo
947 3903 1087 3980 (Cotum.
1106 3902 1166 3965 ier.
1267 3890 1270 3895 ’

53 4017 90 4079 in
103 4011 219 4075 Maon.
242 4016 265 4094 t.
281 4023 331 4075 92.
354 4009 418 4070 v'ot.
437 4007 497 4084 ΙΙΙ,
520 4020 592 4072 902.
617 4011 694 4085 νον)
713 4017 745 4067 et
765 4004 897 4067 tentatio
918 4004 1021 4078 (horu.
1036 3998 1166 4063 XXIX.

54 4116 89 4178 in
106 4114 188 4178 Luc.
208 4112 272 4173 vol.
288 4109 347 4185 ΙΙΙ,
364 4110 440 4187 967)
464 4109 624 4169 humonne
645 4119 776 4169 naturae
794 4103 919 4164 dantur.
963 4100 1033 4162 Joru
1048 4098 1169 4179 adjun-

49 4217 162 4301 -gimus
188 4213 409 4292 nonnulla,
459 4207 508 4275 ad
537 4210 673 4274 umbos
700 4208 823 4271 hasco
849 4201 987 4267 unitas
1017 4201 1175 4268 Christi
