2572 4770
141 344 216 413 1⁶2
467 334 556 428 Cup.
574 330 650 407 111.
685 332 929 429 'Dogroatica
998 334 1002 347 '
1026 330 1037 349 ’

139 518 191 600 (ll.
203 517 272 600 ll),
295 513 465 602 scripturae
477 519 582 584 sacrae
593 518 708 602 (veluti
720 510 811 584 selei.
827 518 887 599 lv,
901 524 922 584 l
942 513 1040 582 Paed.
1054 514 1114 596 111,
1128 529 1161 596 9,
1174 529 1259 601 2823

141 616 249 689 scor.
265 616 327 697 111,
343 625 399 703 15)
418 620 511 687 dictis
533 620 679 703 adjutus,
706 623 787 685 haec
802 622 901 684 rerba
919 619 1031 681 secerit
1046 617 1110 681 Str.
1123 617 1187 697 Vl,
1205 627 1254 699 14,

138 726 222 793 teta
250 719 363 800 „com
380 742 440 809 per
458 724 595 787 multam
611 720 811 807 disciplinam
828 722 910 784 ritia
926 719 1053 782 exuerit
1068 717 1180 783 fidelis
1190 740 1256 784 no-

136 810 218 900 tter,
238 821 352 885 transit
359 823 378 855 ”
391 824 522 904 (scilicet
534 824 638 887 llatim
652 825 721 911 poll
731 825 884 902 mortem)
899 819 966 902 „ad
979 819 1164 882 maximum
1177 822 1255 905 sup·

137 923 288 1011 plieium,
319 922 408 1010 quod
424 924 470 987 est
487 925 604 987 melius
622 925 721 1011 priori
740 924 904 986 monsone
925 918 1000 1001 (ἐπὶ
1018 915 1078 1005 τὴν
1095 913 1254 1000 βελτίονα

137 1021 202 1111 τῆς
214 1018 383 1110 προτέρας
395 1020 500 1108 μονῆς
512 1017 671 1110 μεγίστην
685 1017 856 1103 κόλασιν),
882 1024 1025 1085 inserens
1046 1021 1157 1109 secum
1175 1044 1254 1108 pro-

135 1125 308 1212 prietatem
330 1124 547 1211 poenitentiae
566 1144 679 1188 eorum
697 1135 916 1211 peccatorum,
944 1144 1026 1210 quae
1045 1120 1174 1184 admisit
1185 1124 1253 1209 post

136 1224 345 1310 baptismum.
352 1223 373 1258 ’³
426 1222 543 1305 Φαμὲν
560 1215 592 1286 d'
616 1214 711 1310 ἡμεῖς
727 1222 804 1304 (Str.
817 1225 893 1304 VII,
907 1238 936 1304 ὁ,
953 1227 1029 1304 851)
1045 1211 1196 1305 ἁγιάζω
1211 1215 1251 1284 τὸ

137 1324 227 1410 πῦρ,
252 1318 294 1388 οὐ
313 1316 357 1388 τὰ
377 1318 476 1411 κρέα,
502 1314 589 1388 ἀλλὰ
605 1320 667 1400 τὰς
684 1315 905 1409 ἁμαρτωλοὺς
920 1318 1048 1409 ψυχάς·
1072 1322 1145 1407 πῦρ
1161 1312 1250 1386 οὔτὸ

135 1415 323 1509 παμφάγον
347 1424 406 1490 καὶ
428 1417 612 1507 βάναυσον,
641 1416 727 1490 ἀλλὰ
749 1418 791 1489 ed
819 1419 985 1511 φρόνιμον
1009 1417 1181 1507 λέγοντος,
1211 1417 1250 1487 sd

135 1519 366 1606 dciiraoclpevov
384 1518 443 1591 ded
459 1523 573 1613 ψερῆς
588 1525 650 1611 τῆς
668 1520 882 1615 διερχομένης
898 1519 940 1589 ad
956 1525 1036 1611 πῦρ.
1059 1552 1064 1561 ¹
1077 1523 1166 1588 Boni
1181 1535 1251 1586 tum

60 1688 64 1703 ,
134 1623 293 1709 temporis
305 1625 494 1713 purgatione
506 1625 563 1689 illa
576 1625 617 1690 ad
631 1624 740 1721 Dauni
753 1624 909 1697 ducentur
920 1625 998 1707 (Str.
1012 1622 1089 1705 VII,
1107 1638 1159 1704 tu,
1174 1634 1250 1691 ⁸65:

133 1720 282 1806 „Gneus
306 1745 366 1789 nos
389 1724 520 1791 deducit
543 1725 707 1791 adfinem
734 1729 976 1792 interminatum
1000 1737 1034 1790 et
1059 1726 1250 1812 perfectum,

133 1821 226 1912 prius
243 1821 362 1890 docens
378 1848 469 1903 eam,
497 1849 578 1915 quae
598 1828 691 1892 nobis
710 1830 894 1907 estimare,
916 1827 988 1897 Dee
1004 1826 1249 1890 convenientem

133 1946 211 1993 eum
231 1925 294 1993 diis
310 1926 446 1992 vivendi
461 1929 636 2007 rationem,
663 1949 738 1992 cum
756 1928 797 1991 ab
816 1928 905 1992 omni
924 1947 1028 2015 poena
1046 1937 1081 1989 et
1096 1926 1247 2014 supplicio

134 2028 293 2095 fuerimus
313 2029 457 2110 liberati,
484 2050 567 2117 quae
585 2029 779 2093 sustinemus
798 2049 841 2092 ex
860 2029 994 2116 peccetis
1015 2026 1057 2090 ad
1078 2030 1245 2092 salutarem

131 2128 345 2218 disciplinam.
394 2131 467 2196 Post
484 2152 582 2217 quam
594 2128 850 2214 redemptionem
868 2129 1049 2215 praemium
1065 2140 1099 2193 et
1110 2131 1244 2192 honores

46 2308 48 2315 Ι
134 2226 253 2293 dantur
277 2230 518 2308 consummatis,
552 2251 625 2292 cum
649 2229 835 2293 cessaverint
857 2228 989 2316 quidem
1009 2250 1027 2291 a
1045 2231 1240 2316 purgatione,

134 2329 323 2393 cessaverint
343 2341 453 2393 autem
472 2329 571 2392 etiam
589 2332 629 2392 ab
646 2330 711 2393 alio
723 2351 915 2416 quocunque
927 2331 1120 2411 ministerio,
1141 2353 1240 2418 quan-

133 2428 257 2492 tumvis
275 2431 380 2491 sancto
396 2439 431 2491 et
449 2430 535 2491 inter
553 2432 693 2509 sanctos;
721 2427 838 2493 deinde
851 2451 908 2495 eos
921 2432 976 2517 qni
992 2431 1236 2496 suerintmundo
1275 2490 1280 2501 ,

134 2524 248 2607 corde,
275 2527 311 2589 in
329 2528 602 2615 propinquitatem
623 2527 747 2594 domini
766 2542 910 2610 erectos,
942 2545 1053 2595 menet
1071 2548 1235 2622 perpetuae

133 2629 413 2715 contemplationis
426 2629 581 2692 restitutio
600 2640 633 2691 et
657 2627 791 2693 deorum
808 2634 1008 2719 appellantur
1022 2636 1170 2715 nornine,
1190 2633 1234 2721 qni
1273 2682 1277 2701 .

132 2725 172 2793 in
188 2725 306 2791 iisdem
323 2727 450 2792 sedibue
470 2730 542 2792 sunt
561 2730 723 2810 collocati,
756 2730 792 2794 in
814 2733 929 2819 quibus
947 2733 1003 2795 alii
1028 2731 1074 2795 dii
1099 2726 1233 2821 quisunt
1272 2756 1275 2813 g

132 2825 232 2913 primi
250 2829 307 2891 sub
329 2831 489 2894 servatore
510 2832 730 2912 constituti”),
769 2833 815 2895 ita
835 2842 963 2912 tamen,
991 2845 1028 2896 ut
1048 2834 1165 2916 gradus
1183 2837 1232 2899 sint
1267 2844 1274 2915 ζ

131 2926 294 2993 felicitatis
313 2932 431 3011 („l'unt
449 2931 537 2995 enim
556 2931 640 3019 apud
658 2931 827 2996 dominum
839 2934 1020 3019 complures
1031 2938 1195 3003 mercedes
1206 2944 1233 2997 et
1267 2932 1274 3025 i

130 3028 314 3094 mensiones
329 3053 389 3119 pro
401 3033 525 3098 ratione
536 3035 621 3098 ritae
634 3035 830 3098 hominum'’
844 3033 906 3119 Str.
922 3033 981 3114 IV,
997 3045 1026 3116 5,
1043 3050 1123 3122 5793
1140 3040 1183 3104 rt.
1196 3038 1230 3099 ib.
1270 3058 1276 3121 ᾗ

132 3138 186 3208 ts,
199 3138 272 3197 615.
315 3131 510 3212 „Cruciatur
521 3136 620 3200 etiam
632 3133 938 3214 tidelis-Str.Vl,
955 3146 1004 3214 14,
1022 3149 1233 3222 796-,cum
1273 3136 1278 3191 ἕ

129 3234 188 3305 ¹rel
198 3230 354 3316 nondum,
367 3239 422 3302 vel
434 3258 476 3301 ne
493 3237 625 3301 omnino
639 3235 770 3322 quidem
783 3257 821 3299 ea
833 3239 1022 3323 assequatur,
1037 3262 1175 3325 quorum
1188 3240 1233 3302 ri-
1275 3252 1280 3327 ἑ1

130 3330 189 3400 det
203 3335 285 3399 elios
299 3338 364 3400 esse
377 3338 555 3425 participes.
604 3339 773 3402 Praeterea
793 3350 900 3401 autem
916 3337 1039 3424 pudore
1053 3340 1189 3406 afficitur
1199 3341 1234 3405 ob

129 3456 188 3519 ee,
208 3457 291 3523 quae
305 3435 441 3522 deliquit
457 3442 554 3526 (quae
567 3437 698 3525 quidem
711 3442 782 3502 sunt
794 3438 884 3502 fideli
902 3426 1045 3505 maxima
1063 3445 1195 3531 supplici
1211 3449 1234 3524 ).

128 3536 224 3605 Bona
241 3540 288 3602 est
309 3538 398 3601 enim
412 3537 476 3603 Dei
492 3540 609 3618 justitia
628 3552 660 3603 et
678 3542 758 3620 justa
777 3542 823 3603 est
840 3544 909 3619 ejus
930 3543 1064 3609 bonitas.
1105 3544 1150 3611 Et
1169 3549 1238 3610 licet

81 3696 84 3701 .
128 3636 316 3705 sanaverint
329 3637 485 3701 cruciatus
493 3639 529 3703 in
538 3639 712 3725 implendis
721 3661 799 3727 quas
812 3640 906 3703 luunt
920 3644 1043 3729 poenis,
1055 3658 1090 3709 et
1103 3649 1239 3735 expian-

127 3736 180 3805 dis
192 3736 413 3826 quaeadrnissa
423 3741 496 3801 sunt
509 3742 548 3803 ab
561 3762 755 3827 unoquoque
766 3739 900 3821 delictis,
915 3745 1034 3808 habent
1045 3756 1157 3812 tamen
1167 3770 1239 3812 ma-

127 3840 256 3905 ximum
268 3850 512 3925 permanentem
533 3837 694 3921 dolorem,
723 3840 810 3928 quod
830 3865 904 3906 cum
923 3847 984 3908 smt
1006 3849 1133 3911 inventi
1154 3847 1238 3931 digni

126 3941 193 4004 alie
208 3939 303 4017 ovili,
324 3958 453 4002 nonuna
470 3939 619 4003 linteum
635 3942 693 4022 iis,
720 3943 859 4029 quisunt
873 3946 973 4024 gloria
987 3948 1094 4011 allecti
1109 3962 1238 4037 propter

125 4039 325 4125 iustitism”),
341 4038 420 4101 mali
431 4057 510 4101 vero
523 4040 777 4123 castigationibus
789 4045 894 4106 multo
907 4042 1101 4131 durioribus,
1117 4051 1239 4115 etiarnsi

126 4126 240 4217 inviti,
272 4136 315 4201 ad
332 4138 563 4225 poenitentiam
590 4145 878 4207 commovebuntur
903 4144 980 4225 (Str.
1000 4148 1240 4232 v11,1s‚sro=

127 4232 327 4327 „moturus
343 4233 615 4329 olmespuatorla
631 4235 718 4326 μετὰ
734 4233 885 4312 &dautes
900 4244 1240 4342 occdeoopsroocdrd

72 4342 150 4403 'l

72 4370 244 4529 &a
