2572 4770
118 241 191 309 tta
394 217 481 315 cap.
508 178 577 292 JV.
633 222 773 289 asnaa.
824 223 996 299 sarpam«.

118 414 304 480 efficiamus.
359 406 510 472 Clemens
540 424 672 468 onmem
696 423 806 468 reram
834 404 1055 474 sanctitatem
1082 411 1195 475 censet
1210 408 1253 475 nib'

117 517 231 580 intima
250 511 313 576 Dei
335 508 476 595 srdeique
498 507 683 571 christianae
706 503 899 588 cognitione.
954 505 1032 589 Qui
1059 532 1119 576 res
1145 509 1254 579 divinar

117 617 248 703 penitus
265 613 442 698 perspectas
459 610 575 686 habet,
602 606 631 670 is
650 605 832 686 (Clemente
854 605 982 691 judice)
1009 613 1131 675 vitam
1154 615 1254 695 cogni-
1275 605 1280 674 s

120 714 203 779 tioni
215 713 353 796 Jeanue
371 711 523 796 exemplo
539 709 767 794 convenienter
778 707 945 773 instituere
961 732 1039 775 non
1052 725 1193 799 tantum
1204 736 1252 778 ra-
1274 705 1279 754 ι

119 819 185 894 let,
213 811 270 875 scd
292 833 358 873 non
378 811 542 874 instituere
555 832 619 873 non
633 802 744 894 potest.
769 806 773 821 '
792 809 854 873 Hic
866 813 1037 893 gnosticus
1052 815 1140 879 licet
1157 816 1251 879 versa-

120 930 174 981 tur
189 917 224 977 in
239 925 340 990 terra,
366 914 524 975 terrestria
538 933 603 973 non
616 911 727 989 sentit,
755 912 861 976 elatus
872 915 968 999 supra
982 935 1115 979 omnes
1133 912 1248 1001 cupidi

120 1029 222 1096 tates,
253 1033 443 1100 quacunque
465 1011 629 1099 praeditus
654 1004 774 1075 virtdte
798 1015 881 1094 (sola
900 1016 1040 1078 fortasse
1064 1037 1153 1079 vere
1176 1016 1248 1079 chri·

121 1119 221 1182 stiana
237 1112 338 1176 animi
352 1112 556 1176 submissione
567 1111 676 1176 arsinus
688 1113 877 1207 errassent).
921 1098 1097 1197 Origenes
1111 1118 1249 1181 intimata

122 1217 381 1298 conjunctionem
399 1233 473 1274 cum
489 1213 561 1277 Deo
580 1224 734 1299 tauquam
756 1214 918 1281 summum
933 1218 1068 1280 honum
1083 1220 1248 1307 proponit3

122 1340 184 1381 nos
198 1319 309 1398 igitur,
338 1314 453 1380 Christi
471 1314 633 1380 salvatoris
652 1316 783 1378 caritate
804 1316 967 1395 concitati,
999 1340 1113 1404 quam
1130 1318 1247 1385 studio-

122 1421 256 1496 sissime,
284 1416 541 1502 aspiritusancto
557 1417 675 1499 adjuti,
703 1414 1020 1504 operem,dabimus,
1045 1431 1110 1501 ut,
1140 1422 1247 1509 qnippe

123 1517 253 1581 diabolo
275 1539 333 1605 per
352 1514 512 1580 Christum
536 1521 639 1606 erepti
664 1521 823 1606 hujusque
842 1519 993 1603 exemplo
1016 1517 1246 1599 adhaerentes,

122 1630 337 1705 repugnantes
364 1617 516 1682 continuo
547 1618 789 1707 cupiditatibus,
820 1616 926 1682 indies
952 1620 1062 1700 magis
1093 1618 1150 1706 'uqi
1169 1614 1247 1707 λόγια

123 1720 340 1783 assimilemur.
370 1717 533 1801 Didymus
545 1720 862 1809 deniquepraecipit,
883 1731 918 1782 ut
928 1721 1031 1783 homo
1043 1722 1249 1789 caritateDci

122 1821 246 1884 trinuni
270 1822 455 1885 sanctificari
472 1825 535 1886 sese
556 1825 711 1909 patiatur,
743 1834 776 1886 et
796 1823 824 1885 is
847 1820 979 1909 quidem
1002 1843 1067 1908 per
1091 1822 1250 1889 Christum

122 1923 255 2009 plenam
276 1923 376 1984 animi
397 1926 660 2011 tranquillitatem
678 1927 909 2010 assequuturus.
934 1956 1002 2023 -Ι
1030 1924 1177 1990 Absunt
1195 1947 1251 1989 no·

124 2023 198 2101 stri,
220 2036 257 2087 ut
272 2044 314 2086 ex
327 2025 523 2104 singulorum
537 2024 743 2110 descriptione
752 2034 995 2110 praeceptorum
1005 2038 1173 2110 apparet,
1192 2046 1250 2091 non

7 2156 15 2175 ·
125 2122 241 2204 ruodo,
263 2135 299 2186 ut
317 2146 429 2189 omnes
442 2147 519 2197 rere
534 2127 717 2206 Christiani,
738 2127 778 2187 ab
793 2124 913 2189 insania
927 2126 1159 2208 gnosticorum
1173 2150 1251 2216 pan-

124 2225 330 2304 tlreistarum,
358 2228 473 2314 quibua
494 2225 594 2291 libido
612 2250 630 2305 a
650 2229 787 2293 castitate
803 2247 865 2288 non
887 2223 1009 2304 dissert,
1037 2227 1103 2291 sed
1125 2249 1250 2318 qrroque

123 2339 195 2391 turn
207 2325 345 2405 (etiamst
357 2329 465 2414 paucis
481 2328 673 2416 quibusdam
686 2328 815 2421 singulis
828 2327 905 2390 locis
922 2347 1005 2390 unus
1021 2329 1162 2395 alterve
1176 2350 1250 2418 pro-

84 2444 93 2479 t
123 2429 212 2515 pius)
238 2429 276 2488 ab
297 2438 430 2493 externa
450 2432 578 2495 ascetica
597 2432 810 2510 gnosticorum
826 2425 1048 2507 dualistarum,
1078 2432 1141 2516 qui
1155 2432 1250 2494 solaro

124 2525 277 2615 peccandi
293 2530 417 2591 causam
431 2552 547 2614 corpus
560 2535 623 2595 esse
637 2534 864 2618 opinabantur,
886 2528 920 2631 iq
936 2548 1041 2612 eoque
1057 2533 1250 2616 acquiesce-

116 2632 218 2706 bant,
239 2639 275 2688 ut
289 2630 428 2715 corporis
443 2630 631 2717 cupiditates
644 2633 846 2712 frangerent,
858 2643 927 2692 turn
939 2633 1154 2713 (quanquam
1165 2654 1249 2695 non-

122 2731 212 2793 nulla
237 2728 377 2814 ipsorum
404 2744 573 2823 praecepta
599 2755 665 2796 non
692 2734 816 2795 nemini
838 2729 1007 2794 videantur
1031 2729 1248 2813 rigidiora)a

120 2828 385 2894 hsontanistnrurn
402 2833 540 2895 fanatico
561 2834 664 2914 rigore
684 2832 740 2914 (de
760 2854 824 2919 quo
844 2834 883 2895 cs.
897 2828 1038 2919 Neandri
1052 2830 1090 2895 S.
1107 2834 1153 2899 V.
1169 2835 1249 2899 An·

120 2932 246 3010 signata
269 2953 301 3016 p.
323 2935 409 3010 124).
460 2932 656 2998 Dissentiunt
676 2934 808 3023 quidam
826 2954 846 2996 a
862 2933 1006 3020 patribus
1024 2933 1247 3001 occidentali-

119 3032 181 3097 bus
198 3031 233 3093 in
246 3030 429 3093 universum
448 3044 631 3120 tantopere,
661 3048 856 3122 quantopere
869 3031 1031 3097 idealistae
1046 3055 1067 3096 a
1083 3039 1244 3119 realistis3

119 3143 329 3217 utrorumque
351 3142 479 3213 tamen,
510 3136 687 3199 nostrorum
707 3155 810 3223 aequa
828 3146 924 3221 atque
942 3134 1094 3215 illorum,
1116 3136 1244 3219 singula

119 3245 304 3321 praecepta,
331 3232 455 3296 etiamsi
477 3255 544 3298 non
566 3238 605 3297 ab
626 3235 715 3297 omni
732 3248 822 3321 parte
841 3235 994 3297 vitiorum
1013 3237 1182 3320 expertia,
1204 3258 1242 3301 ea

119 3337 207 3412 sunt,
236 3353 318 3419 quae
338 3334 493 3418 exipsius
510 3334 624 3398 Christi
639 3324 786 3400 'doctrina
804 3346 836 3399 et
854 3335 1006 3419 exemplo
1022 3332 1196 3425 desumpta
1210 3350 1242 3401 et

119 3454 164 3497 ex
183 3434 292 3497 auimo
307 3432 442 3499 candido
456 3437 575 3523 pioque
588 3458 623 3499 ac
636 3436 816 3500 reverentia
830 3456 903 3517 erga
916 3437 1121 3499 salvatorium
1138 3438 1241 3503 Chri-

117 3534 157 3598 sti
183 3555 266 3619 opue
290 3538 415 3621 repleto
439 3539 581 3623 prosecta
606 3538 670 3601 esse
695 3548 847 3623 appareat
870 3539 926 3619 (cs
949 3535 1077 3605 Neand.
1098 3537 1240 3626 Antign.

116 3643 381 3723 lausannen).
434 3646 437 3651 '

417 3734 425 3773 t

200 3931 314 3998 Elucet
327 3955 370 4000 ex
380 3937 546 4023 hucusque
562 3934 670 4017 dictis,
697 3934 829 4002 laudem
841 3956 1034 4018 magnorum
1048 3934 1091 3999 de
1101 3936 1240 4001 theolo-

116 4031 169 4113 gia
192 4034 359 4099 ohrisliaua
379 4039 568 4102 meritorum
585 4039 710 4101 scholae
729 4036 974 4103 Alexandrinae
996 4036 1153 4117 denegari
1171 4060 1237 4101 non

116 4134 224 4219 posse,
270 4136 486 4205 Alexandrini
510 4139 598 4205 euim
621 4139 820 4227 catechetae,
855 4138 1056 4227 philosophia
1081 4139 1241 4224 variaque.
