2572 4770
103 245 178 317 424
474 230 563 321 Cap.
585 225 656 297 W.
707 222 852 292 Ethico.
879 294 887 305 ,
962 306 968 313 ¹

108 418 167 509 qui
186 433 286 479 unam
303 408 412 476 minus
432 409 596 487 habuerit,
627 425 685 469 nec
699 424 799 467 unam
816 400 954 484 habeat;
985 400 1234 469 Ghriitusenim

110 541 131 585 tt
146 519 179 585 so
192 516 262 603 ipso
276 512 488 577 irrecessibilis
502 512 556 574 eli.
567 557 588 587 ,‚

194 615 387 700 Priusquam
411 624 521 674 autem
542 606 620 671 aeri·
633 603 801 671 Christiani
819 602 995 685 imaginem
1020 624 1065 668 ex
1085 603 1236 684 Origenis

112 727 226 785 mente
241 713 469 801 depingamus,
487 706 693 773 necessarium
708 703 837 767 videtur
850 717 885 767 ut
901 705 1058 769 nonnulla
1075 707 1236 794 praemit-

115 829 245 895 tamus,
275 832 357 900 quae
372 810 492 896 alioqui
506 812 633 873 nullum
647 809 753 870 locum
765 806 959 873 invenirent.

127 962 136 979 .
203 912 302 997 Quod
321 913 444 977 bonum
458 910 521 988 est,
546 910 668 972 malum
682 909 745 971 esse
762 906 893 992 nequit,
921 927 998 969 nam
1012 907 1169 970 ”certum
1185 909 1235 987 est,
1279 956 1281 961 ,

115 1016 203 1083 bane
223 1016 288 1078 etta
305 1009 384 1074 mali
399 1021 563 1087 naturam,
588 1020 624 1071 ut
641 1029 684 1071 ex
700 1007 855 1071 similibus
870 1006 931 1069 suis
946 1019 1105 1087 augeatur
1123 1019 1156 1070 et
1168 1030 1235 1070 cre-

74 1187 76 1191 ,
117 1115 203 1195 scat,
225 1094 304 1179 ficut
315 1110 382 1195 igni
393 1109 502 1191 ignem
514 1112 637 1191 jungas.
661 1157 669 1173 .
710 1108 839 1172 Bonum
852 1127 928 1169 vero
942 1107 967 1168 fi
980 1106 1158 1189 adhibeas,
1180 1131 1237 1172 ex-

118 1205 311 1279 teiminatur
340 1208 481 1288 malum3
516 1209 670 1291 contraria
697 1194 835 1296 namque
858 1208 1025 1270 contrariis
1044 1209 1237 1295 primuntur,

119 1313 201 1380 sicut
222 1333 281 1400 per
299 1330 416 1398 aquarn
434 1308 517 1389 ignis
535 1308 745 1391 exstinguitur
764 1320 797 1372 et
814 1330 872 1397 per
890 1308 996 1370 lucem
1016 1312 1173 1373 tenebrae
1187 1313 1239 1372 su-

120 1424 265 1497 gantur„
286 1411 427 1493 (Comm.
440 1409 474 1470 in
489 1429 539 1494 ep.
555 1407 597 1471 nd
609 1408 704 1474 Rom.
725 1411 790 1474 voi.
807 1408 867 1490 lv,
881 1410 968 1488 664).
1011 1405 1167 1490 Regnum
1182 1409 1241 1473 Dei

16 1550 28 1573 ·.
121 1533 200 1578 eum
210 1532 309 1594 regno
322 1509 441 1596 peccati
453 1509 534 1572 stare
545 1531 610 1573 oon
624 1513 726 1598 potest
742 1509 798 1592 (de
815 1520 891 1572 orat.
914 1530 940 1572 c.
952 1516 1003 1573 25.
1029 1510 1099 1574 vol.
1114 1509 1140 1589 1,
1155 1517 1240 1591 239).

122 1608 238 1698 Neque
256 1621 365 1673 tamen
384 1607 541 1691 (iulium.
561 1610 584 1676 1.
602 1613 641 1691 l.)
664 1612 831 1698 quisquam
846 1610 891 1671 est
904 1609 944 1670 ab
958 1608 1049 1670 omni
1062 1623 1157 1697 parte
1171 1633 1242 1672 ma-

70 1790 73 1795 ·
120 1708 194 1788 lus,
216 1728 322 1794 nequo
337 1711 451 1790 (etiam
467 1711 644 1778 Christiano
659 1733 722 1775 non
739 1719 872 1793 excepto
882 1757 891 1786 ,
903 1743 947 1761 -
963 1709 1039 1770 licet
1053 1710 1083 1772 is
1099 1712 1164 1773 effe
1179 1716 1244 1774 iiu-

125 1804 216 1889 d'eat)
238 1810 278 1872 ab
303 1813 498 1905 omnixparte
512 1817 625 1877 bonus.
674 1812 805 1875 Etenim
824 1809 871 1871 uti
884 1811 948 1889 jam
963 1811 1116 1875 voluntas
1132 1825 1166 1874 et
1179 1815 1243 1874 stu-

128 1906 222 2003 dium
241 1910 397 1978 uirtutem
417 1913 471 1995 (T.
487 1913 566 1994 XV,
584 1923 623 1978 86
644 1911 679 1975 in
692 1911 808 1975 hlatth.
834 1911 899 1974 voi.
914 1908 973 1990 ΠΙ,
994 1914 1091 1992 706),
1120 1914 1166 1976 sic
1184 1915 1243 1993 jam

127 2011 236 2095 malae
253 2013 460 2094 cogitationes
479 2026 645 2100 peccatum
665 2010 806 2076 efficiunt
827 2011 884 2092 (ib.
908 2009 946 2073 T.
962 2009 1022 2089 xl,
1041 2024 1092 2079 16.
1116 2037 1152 2101 p.
1171 2027 1243 2093 5013

129 2107 172 2175 Τ.
184 2109 264 2192 XII,
282 2125 311 2179 7.
334 2110 365 2202 p.
383 2126 442 2182 519
457 2117 533 2203 sq),
562 2112 751 2194 itatamen,
780 2125 817 2175 ut
838 2109 1134 2198 quemadmodum,
1166 2112 1245 2202 quod

130 2209 226 2298 supra
240 2202 405 2293 uidimus,
428 2216 511 2278 bona
524 2236 621 2303 opera
632 2212 675 2278 ad
686 2195 820 2278 ia'lutem
836 2214 907 2275 sunt
921 2215 1113 2295 necessaria,
1143 2210 1246 2302 ,‚pee-

133 2322 242 2375 catum
263 2314 298 2376 in
319 2314 415 2380 corde
435 2314 603 2378 admissum
622 2317 730 2378 minus
751 2315 789 2377 fir
808 2324 989 2399 peccatum,
1019 2336 1119 2400 quam
1142 2317 1246 2403 siquis

35 2396 38 2403 ¹
132 2408 219 2498 opus
243 2412 347 2499 ipsum
374 2404 584 2494 adjunxerim
611 2414 669 2494 (ib.
692 2437 724 2501 p.
745 2418 830 2493 520).
886 2413 1011 2476 Verum
1036 2414 1247 2502 quodcunque

131 2522 300 2595 peccatum
312 2512 508 2579 Christianus
526 2515 648 2578 evitare
663 2514 938 2585 uehementissime
952 2513 1110 2598 studebit,
1135 2517 1248 2604 quippo

132 2611 191 2696 qui
209 2610 244 2693 in
258 2610 331 2676 Deo
346 2599 533 2700 Christ'oque
548 2615 678 2694 vivere,
705 2626 739 2678 et
756 2616 847 2698 regni
862 2612 924 2678 Dei
936 2615 1096 2703 particeps
1113 2621 1179 2681 else
1191 2639 1249 2680 ve-

121 2698 181 2778 iit.
233 2709 384 2797 Regnum
410 2726 519 2778 autem
539 2713 604 2780 Dei
626 2712 731 2779 adesse
752 2738 817 2779 non
837 2720 937 2802 potest
959 2719 1103 2805 perfecte
1125 2720 1249 2782 cuilibet

134 2813 297 2895 nostrum,
333 2816 392 2881 nin
411 2816 537 2879 venerit
560 2813 617 2881 troi
634 2813 674 2881 τὸ
697 2815 855 2903 περὶτῆς
874 2810 1024 2902 γνώσεως
1046 2818 1106 2884 καὶ
1128 2816 1250 2907 σοφίας

135 2907 283 2992 τέλειον,
314 2907 399 2997 τάχα
429 2913 467 2980 δὲ
494 2912 551 2980 καὶ
577 2915 644 2979 τῶν
667 2913 796 2982 λοιπῶν
819 2909 1004 3006 ἀρετῶν-
1027 2935 1043 2987 1
1064 2922 1138 2988 Gor.
1158 2923 1249 3001 Xlll,

139 3023 181 3078 10
193 3048 238 3062 —
258 3012 315 3097 (de
330 3028 408 3095 orat
430 3039 457 3079 c.
475 3028 528 3083 25.'
547 3019 611 3080 aol.
627 3015 653 3096 I,
666 3022 754 3100 239).
798 3017 836 3084 Id
857 3041 934 3083 vero
951 3022 976 3085 fi
992 3019 1097 3101 adest,
1123 3025 1251 3086 evanuit

137 3116 271 3175 naturae
286 3113 447 3179 humanae
462 3116 659 3182 diffonantia.
709 3118 847 3202 „1s(ib.
868 3144 899 3208 p.
914 3129 1011 3204 238),
1040 3124 1097 3209 qui
1117 3144 1251 3204 regnum

136 3208 203 3276 Dei
216 3225 253 3277 ut
265 3211 415 3282 adveniat
426 3233 589 3306 precatur,
611 3215 652 3281 de
665 3239 725 3299 eo,
743 3219 832 3305 quod
846 3223 881 3284 in
896 3224 928 3285 se
942 3225 1055 3304 habet,
1075 3245 1178 3306 regno
1192 3224 1252 3289 Dei

136 3324 224 3378 recte
244 3327 331 3396 orat,
358 3330 394 3381 ut
414 3321 532 3384 oriatur
552 3333 584 3383 et
604 3323 725 3384 fructus
739 3323 821 3386 serat
836 3332 869 3383 et
883 3324 1075 3411 perficiatur.
1121 3326 1205 3391 Nam
1220 3328 1252 3388 in

136 3415 282 3502 quolibet
300 3421 479 3484 sanctorum
498 3422 588 3485 Deus
607 3433 735 3502 regnat,
763 3433 796 3484 et
815 3422 948 3508 quilibet
961 3427 1086 3515 sapctus
1101 3428 1253 3513 spiritali-

138 3515 201 3580 bus
214 3520 396 3607 obsequitur
413 3522 538 3603 legibus
554 3522 617 3585 Dei
632 3522 687 3609 qui
701 3523 736 3585 in
749 3523 816 3608 ipso
832 3524 969 3600 habitat,
995 3526 1078 3588 utin
1093 3539 1182 3590 recte
1194 3526 1253 3589 ad-

52 3624 59 3631 ‘
137 3617 314 3684 ministrata
327 3621 464 3685 civitate.
507 3616 658 3687 Praesens
678 3623 708 3685 ei
720 3637 813 3712 pater
831 3622 933 3705 adest,
956 3639 989 3689 et
1004 3641 1181 3708 conregnat
1194 3650 1254 3716 pa-

137 3718 181 3782 tri
196 3718 336 3784 Christus
352 3722 453 3784 inilia
472 3725 579 3786 anima
594 3725 735 3808 perfecta
748 3727 840 3804 juxta
859 3725 940 3788 illud
955 3774 963 3791 .
980 3774 989 3791 .
1006 3726 1080 3794 Job.
1094 3728 1191 3809 XIV,
1206 3740 1255 3798 23.

137 3817 189 3882 Aa
204 3820 268 3884 Dei
284 3820 414 3910 quidem
427 3842 559 3901 regnum
576 3821 637 3886 dici
654 3836 732 3910 puto
746 3827 875 3889 felicem
889 3827 1059 3913 superioris
1070 3830 1172 3915 partis
1185 3831 1259 3893 ani-

138 3937 213 3984 mae
231 3922 345 3986 statum
362 3925 612 4010 compositasque
636 3937 670 3990 et
686 3927 842 4014 sapientes
862 3928 1090 4009 cogitationes,
1121 3951 1260 4012 regnum

140 4036 219 4085 vero
236 4020 350 4088 Christi
366 4036 436 4087 tum
455 4026 617 4090 sermones
636 4029 691 4115 qui
713 4030 746 4093 in
767 4028 968 4093 audientium
987 4031 1126 4094 salutem
1145 4034 1260 4118 prose·
