2572 4770
96 186 171 259 422
271 180 282 221 '
465 168 554 260 Cap.
579 159 649 235 W.
674 118 677 129 Ι
701 159 843 228 Ecaten.

99 380 183 450 opus
202 375 316 420 omnen
328 354 488 418 hebriaca
511 397 519 415 .
569 344 636 427 Qui
649 340 722 406 talis
737 342 800 418 est,
826 335 963 418 exigite
979 331 1133 413 domino,
1153 353 1218 395 nnn

100 461 203 551 petit,
236 468 269 519 et
294 456 320 518 ll
346 464 461 535 egeant
485 451 616 526 fratrea3
652 464 718 505 non
747 452 837 526 petet
860 438 1037 518 gnosticos,
1069 455 1149 521 quas
1176 437 1221 497 eia

102 558 262 649 pecuniae
278 555 385 641 copias
398 553 617 639 irnpertiat1u3
645 542 699 607 sed
711 542 891 629 precabitur
903 540 968 603 illia
981 534 1224 622 suppeditentur

81 678 147 727 ·ea
170 657 286 742 quibua
305 653 481 732 indigeant.
533 650 585 712 Sic
610 644 664 707 dat
685 643 783 705 etiam
807 641 964 721 gnosticos
983 657 1099 724 preces
1118 637 1158 699 iis
1172 638 1224 720 qni

104 755 263 836 indigent.
296 801 304 816 .
370 753 509 816 Divinus
541 755 594 835 λῃ.
621 748 705 824 882)
740 763 817 822 ergo
844 745 889 803 est
914 741 1073 819 gnosticus
1103 751 1138 799 et
1165 739 1225 814 jam

107 860 253 932 sanctus,
294 853 349 938 qni
372 852 481 917 Deum
506 852 570 913 fert
594 860 627 910 et
654 848 694 909 ab
720 864 760 906 eo
787 841 914 904 asslatur
941 837 1152 925 (θεοφορῶν
1175 838 1227 902 καί

109 944 422 1040 θιαφοροόμινας).
454 1002 462 1017 .
526 949 641 1013 Merito
678 946 760 1009 nihil
793 964 871 1006 eum
904 943 1072 1003 conturbat
1114 961 1157 1001 ex
1192 941 1227 1002 iic

110 1076 196 1145 quae
235 1051 406 1133 accidunt,
457 1073 564 1139 neque
604 1048 774 1136 quicquam
815 1055 944 1105 veretur
985 1061 1029 1103 ex
1072 1043 1115 1104 iis
1151 1063 1226 1127 quae

112 1154 259 1221 utilitatis
282 1155 373 1217 causa
397 1153 508 1216 divino
534 1154 618 1215 sttrnt
642 1148 789 1227 consili03
823 1163 928 1229 neque
953 1145 1114 1207 erubescit
1140 1146 1227 1223 tauri,

113 1266 152 1319 ut
171 1254 228 1341 qui
247 1255 365 1317 bonam
381 1255 498 1317 habeat
510 1250 750 1325 conscientiam,
779 1257 814 1307 ut
828 1243 1009 1307 ostendatur
1024 1248 1231 1331 potestatibus

63 1412 67 1423 .
115 1357 156 1418 ab
175 1353 342 1431 omnibus,
371 1365 409 1417 ut
425 1355 470 1416 ita
493 1352 615 1430 dicam,
644 1347 779 1413 maculis
799 1344 1007 1424 emundatus,
1037 1360 1071 1411 et
1090 1350 1147 1434 qni
1164 1352 1232 1411 sciat

26 1436 29 1443 Ι
114 1454 187 1541 pust
212 1454 372 1516 excessum
397 1474 441 1516 ex
465 1432 524 1515 hai
548 1455 616 1514 rita
639 1454 729 1529 fore,
761 1461 796 1510 ut
815 1451 919 1511 secum
932 1448 1058 1511 anesius
1080 1462 1203 1528 agatur.
1223 1493 1233 1514 .

117 1554 203 1619 Hinc
227 1558 274 1639 (p.
292 1557 369 1632 883)
387 1556 453 1632 jam
475 1575 533 1640 per
552 1553 716 1615 scientitnn
734 1549 887 1628 colligens
908 1549 1063 1611 viaticum
1086 1565 1234 1614 contem-

117 1654 288 1741 plationis,
321 1658 488 1741 postquam
514 1653 683 1734 magnifice
704 1651 830 1735 accepit,
845 1648 1104 1729 magnitudinem
1124 1656 1236 1735 cogni·

118 1755 233 1830 tionis,
269 1753 413 1838 procedit
434 1752 475 1823 ad
498 1753 715 1816 translationis
738 1755 875 1815 sanctam
902 1756 1237 1819 rernunerationem.”

121 1854 263 1933 (Sitnilitt
285 1876 351 1919 nou
369 1853 410 1916 do
429 1856 573 1941 gnostico,
588 1853 795 1943 nourinatirn,
822 1848 878 1915 sed
896 1848 936 1913 de
956 1872 1015 1930 eo,
1040 1838 1070 1935 ᾦ
1086 1848 1239 1932 σύνοικος

122 1947 143 2019 ci
170 1948 287 2040 λόγος,
322 1956 538 2044 pulcherrirna
566 1956 646 2016 lracc
669 1954 817 2017 [lerneus
843 1951 939 2013 versia
961 1954 1037 2016 facit
1057 1957 1161 2022 Paed.
1184 1958 1238 2038 lli,

127 2072 157 2137 1,
172 2070 253 2124 251:
284 2049 445 2137 Ἕκχεῖται
461 2048 504 2118 τὰ
517 2051 616 2138 πόθι]
625 2098 638 2141 ,Ι
663 2046 857 2130 autrigonas
871 2045 905 2115 ui
921 2048 1052 2138 ἡδοναί,
1075 2053 1240 2139 μαραίνε-

43 2182 46 2189 ·
123 2179 184 2225 ται
202 2153 242 2221 τὸ
263 2150 403 2233 κάλλος,
437 2152 495 2218 καί
516 2154 643 2219 θᾶττον
665 2146 856 2216 ἀποπίπτει
879 2152 940 2217 τοῦ
958 2148 1111 2220 πετάλου
1128 2157 1240 2238 χαμαί,

126 2251 179 2322 b'c’
201 2249 242 2322 ἷίν
259 2249 362 2323 αὐτοῦ
377 2248 651 2322 καταπνείσωσιν
669 2247 705 2316 ui
725 2248 882 2338 ἐρωτικαὶ
894 2253 954 2339 τῆς
971 2247 1104 2340 ὕβρεως
1122 2253 1242 2321 λαίλα-

126 2377 206 2434 πες·
234 2358 291 2422 καί
308 2356 390 2444 πρίν
410 2347 486 2440 ἢτὸ
504 2349 703 2441 μετόπωρον
723 2351 850 2430 ἐλθεῖν,
876 2350 1078 2443 μαραίνεται
1092 2358 1137 2446 τῇ
1151 2362 1243 2445 φθο-

127 2462 188 2546 ρᾷ·
222 2451 333 2531 πάντα
359 2452 423 2541 γὰρ
444 2449 463 2542 ἡ
485 2451 654 2541 ἐπιθυμία
672 2450 797 2540 γίνεταί
818 2476 855 2519 τε
877 2455 934 2519 καί
955 2450 1164 2536 πλάττεται,
1191 2459 1244 2523 καί

85 2552 89 2565 ’
129 2551 322 2642 φενακίζειν
340 2550 518 2636 βούλεται,
552 2550 606 2616 ἵνα
625 2549 829 2642 κατακρύψῃ
846 2550 905 2620 τόν
925 2552 1131 2642 ἄνθρωπον·
1169 2550 1244 2625 ὁδί

129 2647 314 2744 ἅνθρωπος
338 2651 463 2731 ἐκεῖνος
468 2700 480 2732 ,
516 2639 544 2738 ᾧ
573 2646 728 2731 σύνοικος
755 2647 775 2721 ὁ
802 2649 916 2739 λόγος,
952 2648 993 2721 οὔ
1014 2655 1245 2728 ποικίλλεται·

129 2752 267 2848 μορφὴν
279 2752 350 2845 iicet
365 2752 426 2849 rip
436 2754 499 2823 τοῦ
512 2747 631 2843 λόγου,
653 2750 868 2842 ἐξομοιοῦται
880 2756 929 2844 τῷ
943 2757 1043 2844 θεῷ.)

568 3006 589 3053 0
601 3007 646 3054 ils
657 3006 679 3053 G
690 3008 743 3055 EN
754 3008 812 3056 ΕΒ.

184 3129 231 3185 cs.
248 3129 410 3185 Staeudsini
425 3128 529 3185 Gescb.
546 3127 598 3182 der
613 3127 790 3183 Sittanlehre
802 3131 866 3184 Jeiu
880 3129 913 3184 P.
927 3130 965 3186 11.
983 3146 1012 3200 p.
1024 3130 1078 3185 221
1091 3159 1125 3175 -
1142 3130 1205 3187 290.

218 3244 328 3326 Quem
344 3248 445 3311 linem
464 3246 592 3313 homiui
604 3245 763 3328 Origenes
780 3246 1038 3334 consequendum
1055 3249 1250 3335 praebuerit,

131 3348 335 3435 perspicuum
355 3351 400 3413 alt
419 3369 462 3411 ex
483 3346 694 3433 descriptione
712 3350 801 3414 illius
820 3353 918 3423 statua
935 3351 1055 3428 futuri,
1080 3372 1148 3435 quo
1160 3353 1252 3412 suum

133 3470 281 3537 quaeque
296 3447 449 3513 adfinem
464 3451 678 3535 pervenerint.
726 3450 828 3530 Turn,
851 3451 913 3529 ait,
934 3453 1033 3515 homo
1048 3451 1165 3513 intima
1180 3471 1252 3513 cum

134 3547 207 3616 Deo
225 3551 345 3614 unione
358 3548 518 3631 gaudebit.
563 3552 651 3617 Haec
664 3552 760 3633 igitur
772 3551 850 3614 unio
863 3550 1005 3636 (proprie
1020 3552 1253 3630 reconciliatio)

133 3652 296 3715 summum
319 3654 363 3715 est
383 3654 519 3735 launum,
554 3651 642 3737 quod
660 3657 726 3734 jam
744 3652 804 3715 hac
822 3653 858 3713 in
875 3653 941 3714 vita
960 3651 1112 3715 hominen
1136 3649 1256 3737 assequi

133 3750 282 3816 studeant
297 3756 419 3818 necessa
433 3757 487 3819 est.
531 3752 778 3834 ”Summarum
806 3751 847 3814 tle
860 3753 959 3839 princ.
973 3750 1032 3829 ΙΙΙ,
1047 3762 1077 3828 6,
1096 3766 1125 3817 1.
1148 3754 1215 3813 rol.
1228 3749 1255 3817 Ι.

134 3876 168 3939 p.
187 3862 246 3921 1⁵2
268 3851 361 3933 dicit,
389 3855 556 3933 ”bonurn,
584 3852 626 3918 ad
647 3851 736 3941 qnod
756 3865 870 3917 natura
890 3853 1090 3916 rationabilis
1109 3853 1260 3917 universa

135 3953 289 4031 festinat„
306 3948 455 4035 (πάντων
473 3945 614 4035 ἐχόντων
628 3952 713 4018 κατὰ
726 3953 787 4031 τὰς
807 3945 919 4031 κοινὰς
933 3948 1063 4028 ἐννοίας
1074 3942 1260 4040 πρόληψιν

135 4045 213 4147 intr}
241 4054 404 4142 περὶτοῦ
432 4047 555 4144 ἠθικοῦ
580 4046 691 4124 τόπον
713 4078 739 4121 c.
763 4056 842 4123 oeta
864 4054 941 4137 Lt-
969 4052 1080 4124 voLI,
1112 4077 1147 4145 p.
1169 4059 1258 4141 ὅτι),
