2572 4770
343 354 349 359 ,
395 281 551 351 Clemens
577 278 868 393 (Christulogio).
1111 288 1185 377 169,

68 459 311 546 Nonnunquam
324 473 434 545 autern
445 463 544 549 etiam
557 483 631 527 curu
646 462 887 536 convincuntur,
899 462 954 524 suo
966 474 1084 543 negant
1098 462 1192 548 dog-‚
1246 520 1249 525 .

68 574 175 643 mata,
204 576 314 648 aperte
334 564 479 627 confiteri
500 565 717 628 erubescentes
730 586 811 650 quae
822 568 854 627 se
866 566 1004 627 seorsum
1015 565 1056 628 sic
1070 564 1188 633 docere
1252 612 1255 617 -

69 663 307 745 gloriantur.
363 665 445 728 Curn
467 666 690 728 ecclesiasticae
715 666 904 746 cognitionis
928 685 994 727 non
1015 664 1188 733 didicerint

69 764 236 844 mysteria,
269 766 536 850 neque'veritatis
553 767 753 850 perceperint
773 756 986 844 majestatem,
1017 779 1054 829 ut
1075 770 1188 854 quiin

69 865 295 953 perscrutando
316 887 424 928 rerum
447 865 606 949 profundo
631 867 752 929 fuerint
775 866 937 947 socordes,
969 878 1001 929 et
1018 870 1193 953 superficie,

71 979 166 1039 tenus
178 967 334 1048 legerint,
346 968 521 1053 scripturas
532 967 640 1041 velere
655 969 818 1049 jusserunt.
834 1018 837 1023 .
861 967 953 1051 Inani
966 988 1041 1048 ergo
1054 964 1192 1056 sapieuq

67 1070 134 1135 tiae
148 1071 300 1157 opinione
315 1069 407 1143 elati,
435 1081 590 1154 perpetuo
609 1069 759 1148 litigant„
782 1080 891 1154 aperte
910 1067 1130 1152 ostendentes,
1149 1060 1188 1152 se

66 1172 173 1253 magis
191 1192 299 1234 curare
319 1181 356 1232 ut
372 1168 543 1243 videantur
557 1170 756 1254 philosophi,
783 1190 881 1254 quarn
899 1181 936 1231 ut
950 1172 1193 1259 philosophans

66 1285 132 1337 tur.
146 1318 176 1336 ..
207 1271 294 1334 Sicut
304 1274 349 1354 (p.
361 1275 437 1350 895)
452 1269 589 1356 improbi
604 1271 695 1354 pueri
706 1268 883 1335 excludunt
894 1269 975 1355 paed
980 1292 1124 1355 agogum,
1136 1277 1189 1339 iln

67 1374 169 1437 etiam
181 1373 217 1433 hi
230 1383 339 1435 arcent
350 1371 534 1456 prophetias
546 1372 628 1431 asua
639 1371 778 1447 ecclesia,
791 1373 945 1456 suspectas
959 1392 1013 1436 eas
1028 1358 1194 1451 habentes:

65 1486 199 1559 propter
213 1473 493 1557 reprehensionem
508 1482 541 1532 et
554 1470 817 1534 admonitionem.
855 1471 981 1535 Scilicet
994 1497 1091 1559 quam
1103 1468 1190 1564 pluff,

65 1574 149 1638 rima
162 1574 357 1636 consarciuut
374 1571 539 1635 mendacia
554 1584 585 1633 et
597 1572 767 1651 figmenta,
798 1583 832 1633 ut
846 1575 916 1650 jure
931 1573 1103 1640 videantur
1116 1600 1192 1649 non.

64 1672 239 1739 admittere
267 1674 443 1758 scripturas.
465 1718 505 1735 ..
567 1672 677 1758 Atque
710 1676 763 1756 (p.
794 1676 878 1750 894)
916 1696 990 1736 curn
1021 1677 1083 1741 tint
1115 1670 1192 1755 trost

64 1777 195 1839 animae
208 1776 407 1853 affectiones,
427 1774 603 1854 ignoratio,
628 1772 753 1856 opinio,
775 1774 903 1835 scientia
926 1762 1076 1858 (dyrota,
1103 1771 1190 1865 οἴη..

64 1895 138 1953 mg,
175 1867 378 1959 ἐπιστήμη),
417 1875 530 1959 quiin
555 1874 756 1954 ignoratione
781 1876 964 1953 versantur,
996 1878 1070 1939 sunt
1098 1900 1189 1961 gon-e,

63 1989 136 2056 tes,
168 1978 224 2063 qui
246 1975 445 2053 inscientia,
472 1995 550 2037 vera
570 1975 715 2052 ecclesia,
747 1974 858 2058 quiin
881 1976 1050 2058 opinione,
1080 1980 1104 2040 ii
1125 1980 1190 2066 qui:

63 2080 226 2143 sectantur
243 2079 397 2145 haereses.
406 2076 425 2107 ’³
474 2074 579 2139 Valde
592 2074 688 2152 igitur
710 2072 757 2134 est
778 2071 972 2154 cavendum,
995 2080 1126 2163 nequis
1138 2081 1190 2159 in,
1241 2144 1244 2148 ,

62 2177 366 2243 haereseeincidet.
422 2177 493 2256 „Ut
516 2186 644 2262 oportet
670 2175 776 2237 virum
803 2177 940 2260 prolium
960 2179 1095 2242 minime
1116 2181 1194 2257 essct

63 2278 266 2357 mendacem,
281 2292 314 2341 et
325 2280 407 2341 nihil
420 2281 582 2341 infirmare
596 2297 710 2339 eorum
721 2277 977 2365 quaepullicitus
989 2280 1045 2358 est,
1058 2280 1191 2351 etiamsti

64 2383 121 2470 qui
133 2381 190 2445 alii
204 2393 295 2467 pacta
306 2381 498 2459 transilieram
530 2381 573 2440 ita
588 2377 680 2440 uobis
698 2397 826 2463 quoque
839 2379 929 2441 nullo
943 2376 1041 2455 ruodo
1056 2398 1189 2455 conve-2·

64 2484 113 2549 nit
128 2483 285 2545 transilire
298 2482 443 2561 regulam
458 2481 716 2558 ecclesiasticam
741 2479 948 2564 maximeque
964 2498 1132 2571 eamlquae
1143 2484 1193 2553 sit.

64 2582 106 2649 tle
125 2587 224 2649 rebus
250 2582 401 2645 maximis
430 2582 656 2667 professionem
683 2600 743 2642 nos
771 2580 990 2660 observamus,
1024 2582 1075 2645 illi
1101 2602 1192 2648 veru¹

63 2685 269 2751 mansiliuuffl
293 2682 371 2762 (Str.
393 2682 469 2761 Vll,
493 2692 543 2761 16,
567 2686 654 2762 887).
712 2678 1025 2759 „Quemadmodum
1046 2685 1182 2749 enimsi

63 2788 136 2875 quie
156 2786 214 2849 fiat
234 2786 332 2847 bestia
352 2785 558 2861 exhortae,
582 2782 726 2844 similiter
738 2792 833 2865 atque
847 2783 888 2860 ii,
914 2785 969 2868 qui
981 2784 1109 2847 suerent
1123 2785 1182 2855 in÷

10 2958 13 2967 ,
62 2888 141 2953 fecti
157 2886 293 2957 ,venenis
309 2884 432 2965 Circes3
460 2886 504 2947 ita
525 2887 623 2945 horno
638 2882 701 2945 Dei
714 2882 776 2943 esse
795 2893 827 2942 et
842 2880 973 2945 domino
989 2882 1095 2948 fidelis
1116 2887 1194 2955 else.

10 2976 14 3053 .
63 2986 173 3067 desiit,
200 2987 257 3073 qui
276 2983 427 3048 adversus
446 2985 684 3049 ecclesiasticam
700 2983 910 3044 recalcitravit
928 2983 1135 3051 traditionem
1147 2999 1194 3053 et·

62 3090 332 3163 inhumanorum
356 3088 534 3150 haereseon
559 3084 685 3165 desiluit
712 3082 908 3165 opiniones”
938 3088 996 3164 (ib.
1020 3101 1069 3166 16,
1091 3092 1180 3170 890).

63 3190 113 3257 ct
126 3189 190 3255 Str.
208 3188 284 3265 VII,
302 3201 350 3267 tt,
364 3201 436 3254 897.
479 3180 658 3270 Aipe'ocorr
677 3172 927 3266 ἀφορισθῆναι,
956 3177 1000 3260 ὡς
1020 3180 1183 3276 duasep-

10 3296 24 3367 ι
63 3309 128 3353 τιον
139 3288 198 3353 καὶ
211 3281 342 3367 ἀθέων,
365 3281 493 3352 κελεύει
507 3283 726 3370 προφητικῶς
738 3273 824 3367 ἡμᾶς
835 3288 873 3347 sc.
890 3276 1006 3362 ὅθεὸς
1025 3289 1103 3367 (Str.
1119 3290 1182 3371 lll,

10 3372 22 3463 ἶ
67 3395 219 3471 ΜΗ).
262 3392 375 3477 Neque
387 3403 495 3453 temen
510 3389 635 3451 eslicere
648 3388 794 3449 haereses
806 3386 947 3468 possunt,
979 3401 1014 3451 ut
1033 3392 1197 3453 christia-.

11 3524 25 3591 εἱ·
64 3514 123 3559 mo
138 3492 290 3573 religioni
303 3490 474 3554 diffidatur.
524 3487 741 3566 ‚,l‘rimurn,”
769 3484 918 3549 Clemens
934 3485 1010 3553 dicit
1027 3489 1089 3554 Str.
1103 3488 1180 3570 VII,

67 3608 115 3674 15,
131 3606 194 3663 886
207 3596 290 3679 sqq„
313 3594 403 3671 „hoc
418 3590 568 3654 adversus
582 3612 640 3651 nos
653 3586 830 3664 adducunt,
843 3584 985 3652 dicentes
1000 3613 1064 3653 non
1079 3608 1182 3676 opor*

62 3706 129 3763 tere
142 3688 275 3769 credere
298 3704 427 3780 propter
444 3696 491 3778 (p.
508 3689 824 3770 sementationem
839 3688 1037 3768 haeresium3
1059 3688 1195 3761 distra÷‚

61 3782 110 3865 hit
120 3796 214 3861 enim
225 3815 285 3857 nos
299 3816 336 3857 ac
351 3794 504 3872 defatigat
520 3795 617 3855 etiem
632 3792 698 3877 ipsa
709 3788 845 3867 veritas,
861 3786 939 3851 duur
953 3791 1006 3852 alii
1020 3790 1082 3852 alia
1096 3812 1180 3853 con·-

60 3902 195 3965 stitunot
214 3894 373 3977 dogmata.
425 3892 552 3974 Quibus
575 3888 819 3976 respondemus,
851 3887 935 3974 quod
955 3903 987 3953 et
1010 3888 1096 3975 apud
1117 3912 1197 3961 voe.

58 4000 204 4068 Iudaeos
216 4010 249 4063 et
261 3993 348 4081 opud
362 4015 434 4074 eos,
462 3995 516 4078 qui
533 3995 616 4056 iuter
631 3990 770 4057 Graecos
788 3991 879 4053 fuere
894 3992 929 4053 in
945 3990 1087 4053 maxima
1101 3991 1179 4063 exi-

57 4101 240 4167 stimatione
250 4099 469 4186 philosophos,
486 4097 577 4156 suere
587 4093 746 4177 plurimae
761 4093 923 4168 haereses3
944 4110 1050 4175 neque
1066 4102 1180 4159 tamen

55 4196 132 4275 ideo
153 4198 370 4275 erotundata
392 4202 456 4267 else
477 4196 581 4264 (licitis
587 4226 610 4279 ,·
628 4194 709 4281 quin
727 4194 768 4259 fit
785 4187 1097 4280 philosophandum,
1118 4203 1182 4275 aut
