2572 4770
131 294 208 363 too
450 282 539 377 Gap.
564 284 637 355 Hs·
692 283 925 379 Dogmatica.

128 463 282 535 Judaicae
300 461 500 528 haerendum
519 462 718 551 disciptinae,
747 477 877 553 propter
893 486 982 543 eam,
1003 464 1145 551 quaeest
1160 460 1250 531 inter

127 570 162 633 se
174 571 350 631 vestrarum
365 563 590 629 dissensionem
603 564 767 628 sectarum.
817 566 984 629 Praeterea
1003 578 1113 629 autem
1123 569 1198 630 sore
1209 580 1249 632 ut

128 667 165 732 in
181 671 315 732 veritate
335 668 531 730 seminentur
548 667 710 744 haereses,
745 666 837 728 rescat
864 666 897 726 in
923 669 1086 729 frumento
1107 668 1245 749 zizania,

128 770 314 856 prophetice
334 766 455 831 dictum
473 771 519 831 est
535 789 554 829 a
568 766 717 844 domino,
747 777 781 827 et
792 766 862 827 sieri
877 788 940 827 non
955 769 1073 853 potest,
1097 768 1178 854 quin
1190 770 1247 832 fiat

15 896 18 901 ·
127 867 181 950 i‘d,
216 868 798 957 nodpraedictumestess'esuturum.
842 866 947 946 Hujus
960 880 1068 931 autem
1082 872 1174 933 causa
1190 873 1245 950 est,

128 892 216 1059 quod
232 970 381 1057 quicquid
398 974 442 1034 est
458 972 626 1057 pulchrum
640 968 781 1053 sequitur
798 969 1011 1052 reprehensio.
1061 970 1150 1035 Num
1168 992 1244 1053 ergo

128 1072 239 1159 siquis
254 1083 343 1158 pacta
358 1094 423 1135 non
438 1068 669 1146 observaverit,
695 1080 728 1130 et
741 1073 947 1148 transgressus
962 1071 1061 1132 suerit
1076 1090 1150 1133 eam
1163 1090 1245 1157 quae

127 1172 167 1236 fit
183 1171 269 1259 apud
291 1191 350 1233 nos
370 1173 614 1258 professionem,
641 1181 770 1255 propter
791 1190 885 1249 eum,
914 1172 968 1255 qui
985 1192 1049 1233 non
1068 1173 1156 1234 stetit
1169 1172 1243 1233 suas

126 1272 331 1360 professioni,
359 1272 589 1334 abstinebimus
618 1291 677 1332 nos
703 1291 831 1357 quoque
854 1292 873 1333 a
894 1269 1101 1336 veritates..
1157 1271 1243 1337 Num

129 1372 288 1459 quispiam
305 1383 486 1452 aegrotans,
509 1370 609 1457 etqui
623 1376 800 1432 utcuretur
816 1392 896 1456 opus
911 1373 1026 1449 habet,
1042 1392 1108 1433 non
1121 1370 1245 1435 admit-

127 1474 169 1537 tit
190 1471 352 1535 medicum
370 1484 501 1558 propter
526 1493 580 1534 eas
594 1492 676 1557 quae
690 1472 762 1532 sunt
777 1472 812 1532 in
824 1471 980 1535 medicina
993 1472 1165 1536 haereses?
1194 1472 1245 1538 Ita

129 1588 259 1660 quoque
272 1574 326 1659 qui
341 1571 448 1633 anima
463 1584 620 1653 aegrotat,
650 1585 681 1634 et
700 1576 747 1634 est
760 1574 875 1658 plenus
892 1575 1133 1636 simulacrorum
1146 1574 1244 1635 vani-

126 1682 211 1752 tate,
239 1671 363 1735 sanitati
380 1674 454 1734 sane
475 1685 507 1735 et
527 1671 567 1736 ad
579 1672 686 1735 Deum
703 1675 900 1736 conversioni
918 1693 1082 1760 nunquam
1097 1674 1244 1737 haereses

126 1784 304 1861 praetexat.
311 1778 327 1838 ⁸.
343 1820 351 1838 .
394 1771 508 1853 blajori
526 1796 598 1836 cura
618 1765 697 1861 opus
714 1777 802 1837 estet
819 1773 1036 1860 providentia,
1064 1784 1102 1837 ut
1114 1774 1246 1837 exami-

127 1886 240 1954 netur,
263 1870 425 1960 quomodo
439 1875 477 1936 sit
490 1887 601 1937 exacte
613 1874 791 1939 vivendum
806 1888 839 1936 et
852 1898 1008 1961 quaenam
1021 1878 1060 1938 sit
1074 1890 1152 1938 vera
1167 1878 1246 1962 pie-

38 2026 50 2051 ,
126 1968 188 2042 tsts.
231 1975 360 2040 Clarum
374 1976 419 2036 est
436 1975 539 2054 enim,
563 1973 736 2061 quodcum
752 1976 868 2038 veritas
882 1977 921 2038 s1t
933 1973 1029 2039 ardua
1044 1985 1077 2039 et
1094 1975 1243 2055 difficilis,

126 2088 296 2164 propterea
313 2086 399 2138 certe
420 2076 567 2138 oriuntur
588 2077 806 2160 quaestiones,
840 2078 1015 2162 exquibus
1039 2098 1118 2164 prae
1141 2078 1243 2141 nimio

126 2177 176 2241 sui
190 2196 299 2240 amore
318 2186 350 2237 et
368 2177 488 2257 gloriae
505 2174 678 2263 cupiditate
694 2179 864 2241 nascuntur
875 2178 1020 2251 haereses
1033 2198 1166 2259 eorum,
1188 2179 1244 2267 qni

12 2302 43 2373 Ἰ
127 2296 195 2340 non
224 2275 419 2355 didicerunt,
463 2298 568 2362 neque
595 2295 672 2337 vere
700 2290 904 2361 acceperunt,
945 2276 1000 2341 sed
1032 2279 1091 2342 fibi
1128 2282 1259 2361 cogni-'

126 2376 225 2441 tionis
253 2378 411 2461 sumpsere
431 2378 674 2462 persuasionem.
722 2375 777 2437 Est
799 2397 874 2457 ergo
894 2380 985 2442 nobis
1005 2381 1121 2457 majori
1138 2378 1243 2444 studio

127 2484 163 2539 et
179 2494 253 2538 cura
272 2474 494 2561 perscrutanda
515 2499 553 2541 ea
573 2478 621 2561 (p.
639 2480 716 2556 888)
737 2480 884 2562 quaeest
903 2500 982 2542 vere
1000 2481 1136 2560 veritas,
1160 2501 1245 2566 quae

125 2576 192 2640 sola
215 2577 294 2638 circa
316 2596 390 2638 eum
411 2578 465 2662 qui
491 2598 566 2641 vere
590 2580 636 2640 est
653 2578 743 2641 Deus
762 2579 912 2642 versatur.
957 2580 1118 2645 Laborem
1132 2593 1245 2646 autem

126 2677 327 2762 consequitur
344 2673 446 2740 dulcis
458 2678 604 2741 inventio
618 2690 651 2740 et
666 2678 832 2742 memoria.
869 2679 924 2742 Est
935 2682 1032 2761 igitur
1044 2684 1133 2745 labor
1145 2683 1246 2755 inve-

125 2777 239 2841 aiendi
257 2775 440 2840 subeundus
460 2790 591 2866 propter
613 2781 776 2859 haereses,
800 2778 852 2841 sed
870 2802 933 2841 non
949 2784 993 2843 est
1006 2786 1139 2847 omnino
1156 2784 1245 2848 desi-

126 2877 287 2944 cisndum.
334 2876 447 2964 Neque
465 2879 553 2941 enim
576 2883 600 2944 sr
618 2886 777 2968 appositus
794 2881 831 2943 su
848 2884 985 2962 fructus,
1014 2886 1096 2947 aster
1109 2884 1245 2972 quidem

124 2998 222 3042 verus
242 2991 276 3042 et
298 2990 460 3058 maturus,
499 2980 579 3044 alter
602 3004 679 3046 vero
702 2987 803 3046 sactus
828 3001 870 3043 ex
890 3002 959 3044 cera
983 3006 1080 3071 quam
1100 2988 1245 3051 maxime

124 3078 257 3158 similis,
290 3092 421 3165 propter
447 3081 688 3146 similitudinem
713 3087 759 3146 est
785 3081 1011 3146 abstinendum
1033 3089 1073 3148 ab
1095 3098 1243 3173 utroque.

124 3176 232 3242 Simul
259 3193 368 3244 autem
397 3182 642 3247 discernendum
671 3187 716 3246 est
745 3184 1004 3267 comprehensiva
1038 3188 1244 3275 contempla-

123 3280 213 3343 tione
247 3294 280 3343 et
313 3285 480 3372 principali
511 3283 762 3348 consideratione
793 3305 909 3347 verum
942 3305 959 3347 a
995 3287 1145 3372 specioso.
1201 3288 1244 3351 Et

120 3380 399 3469 quemadmodum
428 3387 453 3448 fi
489 3406 554 3448 nna
582 3387 620 3448 sit
647 3386 701 3448 via
727 3386 812 3465 regia
850 3396 881 3446 et
920 3387 1042 3449 inultae
1075 3392 1242 3474 praeterea

123 3483 227 3563 asiae,
261 3506 397 3570 quarum
419 3487 501 3548 asiae
530 3488 635 3547 serant
661 3486 695 3547 in
719 3486 959 3571 praecipitium,
999 3488 1081 3550 aliae
1106 3484 1149 3550 ad
1174 3488 1243 3552 ssu-

122 3586 215 3650 num
246 3587 356 3672 rapide
384 3587 540 3649 fluentem
563 3596 618 3647 aut
645 3583 687 3647 ad
715 3606 803 3648 auare
828 3585 1043 3671 profundum,
1079 3609 1147 3651 non
1175 3586 1241 3651 du-

121 3689 271 3752 bitsverit
286 3684 445 3775 quispiam
456 3688 543 3748 viam
558 3683 682 3765 ingredi
696 3700 827 3773 propter
840 3684 1082 3767 dissensionem,
1096 3687 1153 3751 sed
1165 3701 1241 3753 uts-

122 3802 177 3854 tar
197 3792 250 3853 via
273 3792 359 3872 regia
382 3802 414 3853 et
433 3789 505 3850 trita
529 3797 561 3848 ct
577 3788 713 3863 sejuncta
733 3807 751 3848 a
771 3789 930 3874 periculo:
957 3789 1001 3851 ita
1017 3802 1093 3859 ειμι·
1109 3790 1166 3852 alii
1180 3790 1240 3851 alia

123 3892 232 3957 dicant
246 3891 286 3955 de
298 3891 443 3965 veritate,
460 3909 523 3948 non
539 3887 584 3948 est
596 3884 837 3964 discedendum,
855 3886 908 3950 sed
925 3887 1112 3969 diligentins
1125 3894 1172 3955 est
1185 3882 1252 3953 inss'

72 4058 80 4069 ,
123 3992 280 4081 quirenda
295 3985 365 4072 ejtis
378 3986 602 4049 accuratissima
619 3988 767 4066 cognitio.
812 3988 894 4052 Nam
911 3991 1146 4055 cumoleribus
1158 3992 1237 4055 bor-

69 4120 72 4125 ·
90 4093 264 4161 vfflssbus
284 4114 349 4155 una
367 4090 464 4153 stiam
482 4090 651 4149 nascuntur
671 4089 799 4152 herbae.
849 4087 933 4151 Num
949 4101 1120 4175 propterea
1137 4080 1240 4153 atses

67 4118 377 4488 rusticolas
398 4210 417 4256 a
439 4190 564 4255 cultura
587 4187 779 4256 nortorum?
821 4186 904 4254 Cum
917 4189 1014 4273 igitur
1025 4192 1239 4257 habemuse
