2572 4770
515 188 518 195 Ι
574 213 764 301 Origenes.-
1108 266 1111 271 .
1144 211 1215 279 439

103 388 310 477 perdiderunt
330 391 493 476 sponsum,
524 414 582 455 nos
603 393 758 455 tratreates
780 387 945 453 nobiscum
963 388 1109 475 sponsum
1128 390 1216 466 jeju-

102 514 179 556 nare
199 514 262 554 non
282 494 456 577 possamus.
507 490 572 557 Nec
591 495 652 557 boc
673 505 780 555 tamen
794 489 868 553 ideo
885 488 1037 568 dicimus,
1066 500 1101 550 ut
1113 489 1217 550 absti-

103 594 232 656 nentiae
249 592 434 655 christianae
448 593 538 655 frena
553 595 708 658 laxemus.
757 594 923 655 Habemus
935 591 1021 653 enim
1036 587 1217 675 quadrage-

102 694 199 754 hmae
221 691 290 756 dies
310 693 438 772 jejuniis
459 695 662 759 consecratos.
714 696 877 757 Habemus
891 705 1035 778 quartam
1048 691 1216 751 etsextam

100 796 295 878 septimanae
315 791 401 872 dies,
430 795 545 880 quibus
562 796 745 858 solemniter
765 797 956 873 jejunamus.
1004 789 1058 853 Est
1073 798 1156 851 certe
1169 788 1217 851 li-

102 897 207 957 bertas
219 893 396 959 Christiano
415 915 474 979 per
492 915 589 958 omne
608 907 735 982 tempos
749 890 931 974 jejunandi,
956 912 1021 952 uon
1041 890 1217 952 observan-

101 997 165 1056 tiae
184 995 421 1079 superstitione,
455 994 511 1057 sed
534 996 653 1060 virtute
673 994 898 1059 continentiae.
948 990 1031 1056 Nam
1051 987 1214 1075 quomodo

101 1094 187 1182 apud
210 1118 267 1158 eos
291 1096 412 1158 castitas
431 1095 613 1182 incorrupta
631 1101 800 1189 servatur,
824 1096 882 1161 nisi
904 1092 1088 1156 arctioribus
1107 1090 1215 1152 consi-

101 1197 231 1259 nentiae
247 1196 329 1259 iusta
346 1193 513 1258 subsidiis?
546 1197 720 1277 Quomodo
739 1192 900 1283 scripturis
917 1214 1047 1280 operam
1068 1188 1213 1255 dabunt?

101 1293 274 1374 Quomodo
296 1295 444 1358 scientiae
465 1308 498 1358 et
515 1298 687 1382 sapientiae
706 1297 900 1362 studebunt?
933 1296 1047 1362 Nonne
1062 1312 1119 1378 per
1133 1313 1215 1353 con-

99 1398 269 1459 tinentiam
289 1396 410 1460 ventris
432 1407 465 1458 et
482 1400 643 1477 gutturis?
677 1400 849 1479 Quomodo
870 1399 940 1485 qais
954 1396 1089 1480 seipsam
1105 1396 1216 1481 castrat

99 1510 229 1584 propter
251 1520 385 1579 regnum
409 1501 590 1577 coelorum,
629 1501 685 1563 nisi
707 1503 850 1565 ciborum
869 1498 1067 1561 asslueutiam
1085 1499 1214 1571 resecet,

99 1603 158 1663 nisi
177 1601 368 1663 abstinentia
389 1611 495 1661 utatur
512 1598 677 1663 ministra?
719 1602 806 1665 Haec
828 1622 902 1681 ergo
922 1597 1105 1662 Christianis
1126 1597 1214 1672 jeju-5

100 1699 200 1764 nandi
219 1701 300 1763 ratio
319 1704 373 1762 est.
428 1697 494 1763 Sed
514 1703 558 1763 est
579 1712 611 1762 et
633 1700 694 1762 asia
713 1700 816 1764 adhuc
833 1701 996 1780 religiosa,
1034 1699 1122 1776 cujus
1142 1695 1213 1765 laus

99 1801 301 1888 quorundam
318 1803 533 1886 apostolorum
548 1801 648 1864 literis
663 1799 872 1887 praedicatur.
918 1797 1106 1863 Invenimus
1124 1795 1214 1873 enim
1268 1880 1272 1887 Ι

98 1905 132 1964 in
156 1901 296 1986 quodam
313 1902 423 1964 libello
441 1904 480 1964 ab
500 1902 647 1987 apostolis
666 1901 802 1965 dictum:
836 1894 957 1965 Beatus
974 1900 1019 1960 est
1039 1898 1094 1982 qni
1114 1896 1213 1958 etiam

97 2007 218 2082 jejunat
237 2024 297 2087 pro
312 2023 352 2064 eo
373 2013 409 2063 ut
424 2005 486 2065 alat
501 2022 685 2088 pauperem.
727 2005 830 2084 Hujus
843 2003 1000 2083 jejunium
1012 1995 1105 2059 valde
1119 2000 1213 2057 acce—

96 2116 188 2189 ptum
201 2106 245 2165 est
260 2101 345 2186 apud
359 2101 484 2182 Deum,
500 2117 532 2165 et
548 2125 658 2166 revera
672 2102 766 2184 digne
779 2104 861 2169 satis.
903 2102 1051 2167 Imitatur
1065 2097 1152 2160 enim
1167 2094 1213 2158 is-

97 2208 182 2283 sum,
205 2205 259 2288 qui
277 2203 418 2264 animam
432 2205 520 2265 snam
537 2206 639 2286 posuit
655 2226 712 2288 pro
727 2206 876 2268 fratribus
893 2192 965 2265 suis.
980 2249 1000 2280 „

181 2301 376 2381 Quaerimus
400 2308 577 2388 postremo,
611 2306 688 2390 quid
712 2304 762 2368 de.
781 2307 969 2368 castitate
999 2311 1031 2363 et
1058 2292 1228 2360 matri)

95 2406 231 2467 monio
263 2406 367 2465 noster·
391 2406 543 2469 statuerit.
600 2408 785 2487 Christiani,
818 2430 842 2469 c.
865 2404 943 2468 Cels.
965 2401 992 2481 I,
1014 2414 1064 2469 26.
1093 2424 1125 2485 p.
1147 2405 1208 2465 845

95 2508 157 2584 ait,
182 2504 330 2567 nonnulli
346 2497 403 2565 dui
416 2500 473 2566 τὸν
490 2498 600 2589 ἔρωτα
615 2505 673 2590 τῆς
686 2500 963 2592 ὑπερβαλλούσης
976 2494 1210 2585 καθαρότητος

95 2606 153 2673 καὶ
167 2597 225 2668 dui
236 2601 276 2666 τὸ
291 2597 530 2689 καθαρώτερον
542 2605 744 2692 θρησκεύειν
756 2602 795 2671 τὸ
809 2607 906 2669 θεῖον
913 2649 923 2679 ,
950 2599 1036 2688 μηδὲ
1045 2601 1115 2664 τῶν
1127 2618 1209 2684 συγ-

87 2699 332 2791 Ικεχωρςμὲνων
347 2699 410 2766 aar*
433 2703 494 2765 cori
512 2698 616 2786 νόμον
631 2702 804 2771 ἅπτεσθαι
816 2698 1036 2791 ἀφροδισίων.
1088 2701 1209 2781 „Tan-

95 2819 166 2868 tum
179 2807 236 2884 (ib.
250 2804 326 2880 Vll,
342 2811 393 2867 48.
416 2825 448 2886 p·
464 2810 540 2883 729)
562 2810 709 2869 nonnulii
732 2812 770 2868 ab
791 2806 1003 2875 obscoenitate
1017 2814 1049 2864 et
1061 2796 1209 2886 impudi-

95 2908 170 2971 citia
193 2919 225 2969 et
253 2905 342 2967 oarni
365 2924 577 2967 venerearum
604 2911 805 2994 voluptatum
832 2904 987 2968 dedecore
1012 2904 1140 2979 absunt,
1172 2910 1210 2961 ut

94 3030 186 3072 more
204 3009 420 3093 persectorum
441 3004 656 3084 sacerdotum,
686 3012 741 3094 qui
763 3011 801 3070 ab
821 3009 909 3097 oriani
932 3006 1015 3069 coitu
1039 3003 1210 3080 abstinens,

93 3112 190 3174 multi
209 3130 322 3171 eorum
342 3109 373 3168 se
394 3109 482 3169 omni
506 3122 654 3193 exparte
676 3132 772 3194 paros
789 3110 965 3194 praestent,
995 3105 1115 3168 nedum
1136 3124 1211 3167 curu

94 3212 227 3275 feminis
241 3231 310 3272 rem
328 3210 477 3273 habeant.
522 3208 632 3295 Atque
645 3208 731 3296 apud
744 3209 959 3272 Athenienses
975 3207 1105 3295 (pridem
1127 3227 1210 3267 unus
1233 3244 1238 3257 ·

95 3312 308 3396 hierophanta
329 3312 393 3387 est,
424 3309 572 3394 quicum
594 3312 702 3373 virises
726 3315 796 3372 s'uas
818 3311 1083 3394 concupiscentias
1104 3307 1213 3371 conti·

83 3434 172 3477 ,nere
190 3435 226 3474 ac
241 3435 299 3498 pro
318 3410 446 3471 arbitrio
462 3407 592 3473 domare
605 3413 691 3495 posse
709 3433 774 3473 non
788 3409 952 3493 credatur,
980 3409 1084 3478 virilia
1098 3427 1210 3470 niem·-

96 3516 153 3577 bra
176 3515 276 3576 cicuta
297 3513 429 3590 oblinit,
460 3527 492 3574 et
514 3513 555 3575 sic
573 3513 647 3574 satis
664 3534 762 3599 purus
779 3515 992 3591 existimatur,
1021 3523 1056 3573 ut
1073 3508 1209 3588 religio-

95 3617 165 3677 sum
188 3615 281 3675 obeat
303 3614 423 3674 cnstnm
440 3612 698 3678 Atheniensium.
750 3614 814 3678 Sed
831 3614 917 3702 apud
932 3612 1125 3679 Christianos
1144 3609 1208 3672 viri

94 3718 184 3793 snat,
220 3714 275 3799 qui
301 3715 401 3777 cicuta
428 3737 493 3778 nou
517 3714 744 3798 opusrhabeut
771 3728 807 3778 ut
827 3739 907 3804 pure
927 3716 997 3779 Deo
1017 3710 1205 3774 deserviant.

95 3818 242 3882 Verbum
257 3814 321 3878 Dei
334 3815 398 3876 illis
410 3816 481 3877 loco
496 3815 615 3877 cicutae
630 3816 693 3903 est,
723 3827 776 3896 ut,
799 3820 889 3880 omni
904 3816 1150 3901 concupiscentia
1166 3834 1209 3875 ex

95 3918 204 3980 animo
229 3919 343 3995 ejecta,
379 3915 583 3979 divinitatem
602 3918 749 4002 precibus
768 3922 1006 4004 prosequantur.
1057 3914 1100 3977 Et
1122 3912 1206 4000 apud

94 4017 171 4080 isius
188 4019 284 4095 alios,
316 4018 371 4101 qui
389 4015 433 4079 dii
457 4020 635 4097 habentur,
657 4019 797 4098 virgines
809 4022 881 4080 sunt
892 4038 1027 4102 parmae,
1051 4038 1132 4102 clarae
1147 4040 1229 4089 cu--,

82 4114 228 4187 ,studitae
248 4120 287 4183 ab
302 4117 488 4184 hominibus
502 4131 556 4183 aut
570 4141 634 4184 nou
651 4118 821 4189 custoditae
836 4116 983 4182 ridentur·
996 4117 1123 4184 coscrrdi
1143 4141 1209 4184 nu·-
