2572 4770
66 240 70 247 ¹
130 264 206 328 810
331 290 335 295 .
453 251 541 342 Cap.
562 248 635 318 ΙΙΙ.
688 246 917 340 Dogmctico.
1027 286 1084 307 ,ι

129 429 228 495 travit
247 428 371 493 tidem?
392 462 434 479 -
474 428 530 493 Ad
550 424 636 515 qood
657 427 699 490 iic
721 447 780 509 ego
801 423 987 511 respondeo.
1033 424 1150 491 Narrat
1167 424 1241 491 itio-

129 530 211 613 iaica
237 531 291 591 lex
314 530 422 593 Deurn
442 530 597 593 Hebraeis
615 529 813 614 praesentem
832 527 974 607 affuisse,
1013 545 1124 613 neque
1144 528 1240 591 solum

131 649 208 692 cum
225 630 259 692 in
272 628 424 717 Aegypto
438 633 524 712 signa
540 642 573 694 et
587 628 732 717 prodigia
743 628 897 716 patravit,
922 646 998 689 cum
1011 645 1072 712 per
1084 648 1176 689 mere
1186 650 1240 690 ru-

130 729 227 793 tirum
239 732 414 794 transitum
425 731 566 816 aperuit,
594 752 667 794 curn
683 751 742 816 per
755 729 939 792 columnam
951 728 1096 808 igneam,
1118 750 1177 813 per
1190 729 1240 791 iu-

130 830 288 895 minosam
305 834 424 894 nubem
438 833 501 895 inis
518 831 669 918 praeivit,
696 828 863 893 sedetiam
880 849 953 890 curn
969 826 1159 909 decalogum
1175 841 1241 892 tra-

131 926 231 1008 diditg
264 951 323 993 nec
348 942 458 994 tamen
484 953 501 993 o
524 931 707 994 videntibus
732 928 915 1016 impetravit
936 925 1047 991 iidem.
1104 928 1241 994 Nomai

133 1049 232 1114 quern
245 1029 399 1093 videbant
417 1043 450 1093 et
467 1030 640 1094 audiebant
659 1029 758 1093 fidem
774 1029 1004 1106 habuissent,
1025 1049 1094 1090 uon
1107 1030 1241 1095 vituium

132 1127 191 1193 sibi
206 1130 390 1192 conflassent
403 1131 465 1209 (Pi.
481 1131 637 1210 cv1‚eo;
659 1128 764 1196 Exod.
778 1128 924 1206 XXXII,
939 1132 985 1210 4).
1009 1176 1018 1193 .
1060 1130 1124 1194 Hic
1136 1133 1241 1195 obier-

132 1246 191 1290 vee
211 1229 327 1307 velim,
365 1252 406 1292 an
432 1253 496 1292 uon
522 1234 646 1317 semper
664 1230 765 1293 iidem
783 1230 844 1292 srnt
861 1226 987 1292 sudaei.
1037 1227 1241 1308 Quantalibet

62 1336 66 1345 '
131 1327 285 1393 miracula
305 1332 417 1394 iecerit
428 1330 534 1410 Deus,
564 1332 741 1417 quamlibet
762 1329 925 1416 perspicue
943 1329 1008 1392 iliis
1022 1331 1167 1414 affuerit,
1191 1337 1243 1398 ni·

131 1428 201 1495 bilo
220 1431 321 1511 magio
335 1433 382 1495 iiii
395 1430 496 1494 iidem
512 1433 692 1521 tribuerunt
703 1442 772 1493 toto
787 1432 844 1494 iiio
857 1438 1019 1516 ternpore,
1047 1455 1113 1519 quo
1132 1437 1169 1497 in
1185 1435 1242 1500 de-

131 1530 215 1596 serto
235 1534 490 1617 permanserunt,
524 1528 561 1595 u't
582 1533 616 1594 in
632 1533 704 1612 lege
720 1528 817 1594 Motis
830 1531 978 1617 scriptum
997 1533 1053 1595 est.
1103 1532 1147 1598 Et
1163 1557 1243 1600 nunc

132 1651 193 1695 uec
212 1629 408 1694 admirabilis
429 1632 503 1696 Jesu
523 1631 699 1710 adventuo,
731 1651 790 1693 nec
815 1632 977 1695 sermones
998 1653 1073 1695 cum
1093 1640 1243 1721 potestate

132 1730 252 1810 habiti,
277 1752 336 1794 uec
354 1732 479 1795 insolita
499 1742 606 1797 corant
626 1732 716 1795 omni
735 1733 855 1818 popuio
874 1745 995 1818 patrate
1014 1734 1171 1799 miracula
1191 1761 1242 1804 eor

132 1828 291 1894 adducere
310 1845 499 1927 potuerunt,
530 1847 566 1898 ut
585 1854 662 1898 eurn
679 1836 867 1920 reciperent.
875 1834 895 1865 '²
948 1834 1064 1914 „Dicit
1082 1851 1241 1922 praeterea

131 1930 275 1998 Judaeue
291 1930 556 2023 (IL-§.poenz
587 1985 595 1999 .
614 1984 648 2001 ..
670 1935 743 2000 Non
762 1933 972 1997 conveniebat
991 1935 1057 2015 itti,
1086 1939 1142 2022 qui
1158 1940 1241 2006 Deuc

129 2034 227 2112 estet,
261 2036 374 2114 iugera
400 2049 433 2099 et
452 2038 596 2101 vinctum
622 2035 753 2116 abduci3
785 2031 1036 2113 indignissimum
1060 2050 1173 2104 autern
1195 2062 1240 2120 eo,

133 2134 190 2221 qui
204 2136 359 2213 servator,
382 2137 445 2200 Dei
457 2139 591 2200 maximi
605 2138 706 2214 filine,
734 2136 868 2218 angelus
879 2133 1082 2218 credebatur,
1110 2142 1240 2226 relinqui

133 2245 168 2296 et
186 2234 279 2320 prodi
298 2238 337 2297 eb
355 2238 396 2301 iis
412 2239 601 2327 quibuscum
619 2239 760 2316 vixerat,
790 2257 870 2321 quoe
889 2236 947 2297 fibi
965 2235 999 2297 in
1018 2238 1083 2302 suia
1097 2244 1239 2306 omnibus

10 2374 13 2379 -
133 2335 268 2423 privetis
287 2340 381 2401 rebus
402 2341 541 2401 conscios
562 2343 697 2416 iecerat,
727 2337 847 2423 quique
864 2336 921 2399 islo
940 2338 1090 2419 magistro
1107 2347 1241 2407 uteban-

130 2446 195 2500 tur.
218 2472 261 2487 -
295 2434 362 2527 „At
387 2459 467 2522 quae
492 2435 684 2523 respondeo,
709 2436 817 2499 Deum
835 2458 854 2498 a
873 2439 964 2502 nobie
985 2460 1053 2502 non
1074 2444 1241 2509 existimari

133 2555 247 2624 corpus
260 2534 340 2599 illud
351 2536 424 2631 Jesu
441 2536 527 2623 quod
542 2540 597 2599 sub
611 2540 771 2622 aspectum
785 2535 917 2599 cedebat
935 2550 968 2600 et
979 2541 1157 2620 subjectum
1172 2549 1242 2610 seu-

131 2634 218 2701 tibus
240 2649 318 2703 erat.
342 2683 349 2701 .
403 2636 507 2703 Idne
532 2636 572 2700 de
600 2637 708 2702 enimn
728 2635 860 2723 quidem
884 2659 902 2699 e
922 2640 1014 2703 nobie
1036 2644 1185 2713 creditur.
1204 2694 1239 2715 ..

51 2763 54 2767 ·
132 2734 261 2803 Deinde
282 2742 322 2821 (t.
342 2752 390 2806 tt.
410 2762 441 2825 p.
461 2741 536 2820 395)
556 2735 643 2826 quod
666 2736 987 2818 arcensarcens,
1018 2741 1130 2809 Jesum
1148 2751 1187 2812 ab
1207 2750 1242 2813 iis
1280 2762 1284 2779 ¹

132 2836 297 2929 proditum
310 2841 389 2916 eise,
409 2861 489 2925 quoe
499 2841 570 2901 suos
581 2836 748 2922 discipulos
756 2851 940 2919 vocaverat,
955 2839 988 2902 id
998 2840 1242 2937 didicitquidenr
1281 2842 1285 2899 ἶ

132 2956 178 2999 ex
190 2939 381 3017 evangeliis,
402 2937 456 3001 sed
471 2940 611 3025 plurium
625 2938 850 3026 discipulorum
866 2944 1000 3004 dumero
1014 2967 1117 3011 uuum
1132 2948 1242 3013 tuden

133 3055 173 3100 eo
197 3048 307 3101 urente
333 3039 533 3120 significavit,
569 3053 604 3104 ut
623 3041 811 3105 accusationi
836 3043 910 3126 plue
932 3042 1086 3129 ponderis
1106 3049 1242 3118 adderet.

133 3135 182 3202 At
201 3158 283 3225 quae
307 3136 347 3199 de
361 3138 444 3203 Jude
463 3143 574 3228 scripta
597 3145 686 3222 sunt,
709 3164 774 3205 uon
793 3145 865 3207 sotis
883 3144 1110 3224 consideravit,
1132 3151 1244 3217 tudun

133 3256 252 3322 nempe
274 3241 438 3304 contrariis
459 3239 660 3345 §ernegistro
681 3241 866 3308 distractum
883 3245 1026 3327 judiciis,
1047 3270 1107 3314 nec
1125 3265 1244 3316 extoto

133 3339 242 3403 auimo
262 3339 419 3403 insensum
434 3342 466 3404 ei
481 3344 591 3424 fuisse,
619 3367 680 3409 nec
699 3365 741 3408 ex
753 3357 820 3407 toto
836 3346 944 3409 animo
959 3350 1092 3414 servasse
1110 3349 1246 3417 debitam

81 3464 91 3479 ⁹
132 3439 282 3519 magistro
297 3443 544 3507 reverentiam.'’
593 3446 711 3525 „Jesue
726 3458 834 3507 autom
848 3448 968 3532 (inquit
980 3448 1141 3530 Origenes
1155 3454 1182 3535 Ι,
1196 3468 1244 3526 et.

133 3560 167 3626 p.
184 3543 261 3621 375)
282 3559 340 3603 rex
360 3554 428 3604 orat
449 3544 591 3623 suturas,
619 3568 685 3608 non
704 3558 813 3608 tamen
829 3558 864 3607 ut
878 3548 1078 3613 existimabat
1091 3554 1246 3635 Herodes,

132 3637 190 3705 sed
219 3638 492 3725 quemadmodum
519 3643 650 3708 decebat
674 3650 891 3727 regem'esse,
926 3650 978 3711 cui
998 3651 1090 3717 Deua
1115 3678 1246 3738 regnum

135 3740 322 3815 contulerit3
350 3740 468 3827 nempe
490 3744 544 3830 qui
568 3744 699 3809 subditis
717 3749 800 3809 bene
820 3753 954 3830 faceret,
986 3775 1051 3816 noo
1070 3757 1247 3824 tribuendia

134 3838 261 3905 mediae
290 3851 420 3903 naturae
443 3854 491 3921 et,
521 3858 557 3907 ut
577 3849 622 3910 ita
641 3846 761 3926 dicam,
795 3849 1051 3935 indifferentibus
1074 3858 1247 3933 beneficiio.

134 3936 189 4004 sed
203 3936 379 4004 erudiendo
395 3963 450 4006 eos
463 3944 669 4032 regendoque
682 3949 805 4028 iegibus
823 3972 900 4015 vere
916 3952 1073 4019 divinis.''
1117 3958 1246 4025 Necnon

133 4037 153 4107 J
156 4036 275 4101 udaeue
288 4039 359 4103 seru
375 4046 562 4130 opprobrari
567 4058 594 4123 t,
618 4046 788 4134 discipulos
800 4052 927 4130 elegisse
939 4054 1088 4119 horniuee
1102 4061 1246 4137 semotos,

133 4140 321 4229 publicanos
347 4152 523 4235 nautaeque
549 4148 766 4245 aequissimos.
822 4151 905 4235 „ad
930 4155 1055 4240 haec’',
1090 4157 1247 4247 origene

65 4300 170 4492 '¹'
