2572 4770
112 268 219 343 rre·
436 258 525 347 cap.
551 253 625 323 111.
675 216 905 344 nogariam.

110 448 190 517 Did,
203 468 235 532 p.
252 440 326 520 LI.)
347 438 567 525 improborum
579 431 723 498 cultodea
736 432 800 495 elie
815 428 908 492 docet
921 424 1018 508 (τοὺς
1028 423 1069 492 δὲ
1081 416 1232 513 φαύλους

55 604 60 619 .
112 538 298 616 ονοτεινοί,
312 540 374 602 leil.
384 530 610 623 φυλάττουσιν
624 526 790 617 ἄγγελοι),
804 532 954 618 princeps
968 533 1016 631 eit
1029 527 1233 607 diabolus,

112 666 213 737 quem
235 633 399 724 ἆσοίρκοις
420 648 608 701 annumerat
626 632 683 713 (de
701 645 739 697 tr.
759 631 804 712 Π,
828 646 858 712 6,
881 636 976 713 168),
997 648 1171 719 'quemque
1193 653 1235 693 ex

114 748 187 816 lobi
203 766 271 830 cap.
287 740 363 819 XL,
380 754 419 806 ιο
431 742 496 825 sqq.
521 736 714 800 demonstrat
733 734 871 817 primam
889 737 953 797 elle
973 731 1038 797 Dei
1055 745 1234 796 ereaturam

117 848 176 929 (de
195 859 234 909 tr.
251 843 278 918 1,
300 853 347 913 17,
367 846 425 905 tt:
459 833 558 913 Ὥςτε
579 832 640 898 τὸν
657 827 818 915 διάβολον
843 833 979 919 πρῶτον
1003 827 1130 914 κτίσμα
1150 822 1235 897 εἶναι

120 949 229 1032 λέγει,
265 933 385 1005 ἑαυτὸν
407 931 598 1022 ποιήσαντα
619 928 931 1020 ἐγκαταπαίζεαθοι
952 927 1023 998 ὑπὸ
1040 933 1110 997 τῶν
1131 923 1234 1018 ἁγίων

118 1042 267 1134 ἀγγέλων
283 1034 341 1105 dui
355 1034 396 1103 τὸ
414 1030 549 1103 ἀνίσων
567 1030 671 1100 αὐτοῦ
681 1024 744 1098 ’ναὶ
758 1028 965 1116 κακόβουλον
983 1034 1045 1121 τῆς
1064 1032 1233 1121 προαιρέ·

118 1165 223 1222 vacue,
257 1138 343 1205 unde
362 1141 396 1202 h.
419 1141 440 1201 l.
464 1152 499 1205 at
516 1136 557 1200 de
580 1151 619 1201 tr.
640 1136 701 1215 III,
724 1149 775 1217 82,
795 1145 857 1204 429
879 1135 1057 1216 concludit,
1090 1139 1232 1223 spiritum

118 1253 261 1313 sanctum
277 1243 417 1328 primam
435 1250 611 1302 creaturam
631 1241 696 1301 elle
714 1260 779 1301 uon
799 1241 903 1325 polle3
930 1227 1043 1313 ittae
1054 1256 1094 1300 τε
1107 1235 1166 1313 δὲ,
1193 1238 1233 1299 ait

117 1353 191 1413 loeo
214 1340 396 1430 posteriori,
429 1332 636 1423 σεοήμᾶνται
655 1330 675 1402 ὃ
693 1331 958 1423 πρατόναιστος,
984 1327 1026 1413 ὃς
1048 1336 1111 1422 τῆς
1139 1356 1233 1422 προ·

120 1443 214 1521 τείας
233 1435 282 1508 δι’
302 1436 430 1506 οἰκείαν
448 1432 644 1517 ἀλαζονείαν
663 1431 714 1513 είς
727 1434 770 1501 τὰ
790 1433 914 1519 ἔσχατα
932 1438 1000 1501 τῶν
1013 1431 1165 1518 ἐσχάτων
1178 1434 1232 1525 ld-

120 1545 232 1634 ῥίφη).
283 1540 449 1621 Ingenitua
475 1541 565 1602 enim
591 1543 654 1603 elle
680 1538 827 1602 diabolus
846 1536 1097 1624 haudquaquam
1118 1544 1234 1625 potem

120 1648 156 1711 id
180 1641 266 1731 quod
283 1652 391 1703 contra
409 1638 614 1703 Manichaeoa
628 1634 798 1728 praecipue
816 1662 848 1726 p.
863 1650 926 1706 204
941 1642 1006 1725 iqq.
1026 1641 1116 1704 hisce
1132 1643 1233 1703 noller

120 1745 229 1811 verbis
256 1739 409 1805 ostendit:
450 1740 573 1819 „Nulla
598 1742 754 1826 oppositio
779 1741 1010 1803 contrariorum
1031 1742 1070 1803 fit
1091 1762 1137 1804 ex
1158 1753 1232 1818 toto,

120 1848 200 1935 quin
219 1846 279 1908 fint
298 1845 333 1906 in
348 1844 397 1905 eia
412 1842 518 1927 aliqua
539 1843 771 1906 contrariorum
784 1841 977 1904 communia.
1018 1841 1123 1906 Verbi
1139 1843 1233 1923 gratia

120 1928 248 2025 album,
278 1941 365 2029 quod
386 1944 431 2005 eit
451 1944 644 2005 contrarium
667 1945 774 2025 nigro,
801 1954 835 2005 et
855 1940 982 2021 nigrum
997 1942 1087 2011 iuriis
1100 1956 1232 2021 tentum,

121 2051 238 2136 quibua
258 2043 426 2124 differunt,
452 2045 608 2107 contraria
630 2046 717 2126 lunt,
745 2063 819 2107 rum
837 2043 977 2105 habeant
998 2045 1123 2130 alioqui
1143 2067 1233 2108 com-

120 2169 256 2213 munem
274 2146 414 2209 colorem
431 2157 464 2208 et
482 2146 678 2230 qualitatem.
699 2192 708 2209 .
736 2210 740 2216 ,
758 2143 798 2208 In
810 2145 1033 2207 communibus
1046 2157 1157 2208 autem
1170 2167 1233 2210 non

122 2254 168 2313 elt
181 2248 403 2326 contrarietaa3
431 2257 555 2330 oportet
575 2246 663 2306 enim
678 2247 819 2309 colorem
831 2249 895 2310 elle
906 2259 940 2309 et
954 2246 1145 2334 qualitatem
1163 2249 1232 2323 effe,

120 2363 158 2414 ut
178 2351 216 2413 lit
236 2348 364 2425 album,
392 2346 536 2410 srmih'ter
554 2348 589 2408 in
609 2347 710 2426 nigro.
756 2344 813 2410 Ad
832 2344 972 2409 eundem
984 2344 1122 2409 modum
1136 2349 1233 2410 virtut

119 2463 155 2515 et
179 2447 410 2532 vitiumpriua
429 2448 625 2509 conveniunt
646 2445 682 2506 iu
700 2447 863 2508 communi
879 2447 1004 2510 ratione
1024 2448 1186 2532 qualitatis
1203 2459 1235 2510 et

120 2548 316 2625 affectionis,
346 2567 443 2630 quam
463 2546 524 2607 fint
545 2545 710 2619 contraria.
758 2545 795 2609 Si
812 2548 909 2629 igitur
923 2546 989 2611 duo
1008 2549 1167 2636 principia
1180 2550 1235 2611 in-

25 2665 27 2671 ·
119 2650 226 2733 genita
245 2650 332 2727 lunt,
362 2658 396 2709 et
408 2647 488 2709 haec
506 2647 577 2708 lunt
590 2645 762 2725 contraria,
790 2650 844 2711 vel
856 2669 899 2711 ex
911 2652 980 2712 toto
993 2651 1065 2712 lunt
1079 2653 1235 2715 contraria

119 2753 174 2814 vel
187 2752 258 2812 lunt
272 2749 378 2835 aliqua
394 2767 506 2810 eorum
516 2747 719 2827 'communia3
741 2758 774 2809 et
788 2750 871 2811 nihil
884 2771 927 2813 ex
939 2760 1008 2812 toto
1022 2741 1138 2838 reeiq'rit
1153 2774 1235 2817 cou-

118 2852 332 2930 uarietatem,
352 2849 473 2911 hahent
484 2847 581 2926 igitur
594 2848 674 2909 haec
686 2849 885 2928 communia,
906 2852 969 2913 elle
983 2854 1101 2917 scilicet
1113 2866 1146 2918 et
1157 2856 1234 2918 luh-

118 2951 247 3012 frantiae
262 2953 342 3028 elie,
365 2961 399 3011 et
410 2949 435 3011 fi
448 2945 524 3034 quid
538 2944 626 3009 aliud
639 2947 674 3008 iu
686 2949 733 3010 eia
746 2970 917 3013 commune
931 2955 1099 3039 reperitur.
1144 2955 1235 3020 Con-

117 3050 214 3111 traria
231 3068 307 3111 vero
321 3069 358 3113 ea
371 3052 447 3114 facit
461 3053 524 3112 elle
539 3052 675 3112 alterum
689 3052 828 3131 bonum,
856 3051 993 3114 alterum
1004 3055 1146 3136 malum3
1172 3059 1234 3119 elle

63 3218 66 3222 ,
117 3150 198 3213 item
214 3151 350 3212 alterum
363 3153 492 3231 lumen,
524 3153 660 3213 alterum
679 3154 836 3216 tenebras.
883 3152 1097 3218 Priuaautem
1110 3158 1234 3237 eogita-

118 3263 172 3314 tur
183 3252 247 3313 ella
261 3272 299 3313 ea
311 3254 512 3331 substantias,
540 3271 636 3337 quam
648 3253 824 3328 cogitentur
839 3256 903 3316 elle
918 3257 1038 3317 bonum
1053 3269 1087 3319 et
1098 3259 1231 3321 malum.

118 3350 333 3416 Contrarietas
352 3353 449 3434 igitur
468 3375 534 3415 non
553 3355 598 3414 eli
616 3352 697 3414 circa
708 3355 908 3433 communia,
930 3353 986 3418 led
1000 3357 1081 3420 circe
1093 3361 1229 3445 propria.

115 3448 258 3516 Pofitum
275 3465 381 3516 autem
396 3457 442 3516 eit
458 3455 521 3515 elle
534 3472 572 3515 ea
584 3451 741 3533 ingenita3
769 3455 851 3516 nihil
870 3466 978 3519 autem
991 3459 1037 3520 elt
1050 3470 1126 3522 ante
1139 3461 1231 3542 inge-

116 3552 239 3632 nitum3
273 3566 305 3616 at
329 3557 374 3617 elt
391 3565 466 3616 ante
485 3554 564 3617 haec
586 3555 740 3617 contraria
759 3555 899 3642 aliquid,
927 3555 962 3619 id
982 3558 1117 3639 seilicet,
1146 3558 1230 3648 quod

117 3652 185 3715 dixi
207 3657 269 3716 elle
291 3656 326 3717 in
346 3655 393 3717 eis
413 3673 592 3720 commune.
642 3655 727 3736 Ergo
742 3677 807 3719 non
819 3658 890 3719 lunt
905 3657 1061 3744 principia
1077 3659 1228 3741 ingenita,

115 3756 190 3839 quia
204 3756 282 3817 haec
294 3755 433 3835 ingenita
450 3756 521 3816 lunt
534 3755 698 3821 contraria.
741 3754 841 3836 Quod
853 3770 962 3820 autem
982 3757 1066 3821 inelt
1075 3759 1123 3822 eia
1137 3782 1228 3825 eom-

114 3875 232 3934 mune‚
260 3867 334 3918 ante
354 3856 418 3940 ipsa
438 3855 594 3917 contraria
609 3859 672 3937 elt;
702 3877 769 3919 non
783 3859 855 3920 lunt
869 3858 967 3939 igitur
977 3858 1121 3940 ingenita
1136 3864 1227 3949 prin-

114 3956 214 4039 cipia,
244 3957 317 4042 qnia
332 3967 408 4018 anta
424 3955 603 4035 ingenitum
617 3957 698 4019 nihil
713 3944 769 4020 etl.
784 3992 788 3999 ·
813 3956 871 4021 Sin
885 3978 964 4021 vero
978 3956 1138 4040 dixerint,
1166 3985 1226 4027 non

113 4057 177 4116 elle
192 4054 348 4119 contraria
365 4055 488 4117 ratione
501 4056 651 4137 ingeniti,
681 4057 857 4145 reperietur
869 4058 968 4140 igitur
981 4080 1156 4126 commune
1169 4085 1225 4125 eo·

23 4220 60 4241 ,⁴
111 4173 186 4220 rum
198 4156 269 4221 hoc.
315 4153 381 4220 Sed
392 4157 497 4221 rurlur
512 4157 587 4243 quia
599 4159 723 4223 malum
735 4158 937 4242 ingeniteeit
950 4160 1095 4248 malum,
1117 4176 1152 4228 et
1166 4165 1223 4229 ho-
