2572 4770
57 3702 61 3785 i

57 3814 65 3875 l

57 3892 65 3985 i

57 4006 66 4073 l

57 4088 63 4157 l

57 4204 65 4251 ι·

369 304 384 335 '¹
440 328 542 349 ''¹¹¹¹''
597 297 666 370 115
715 335 815 365 ··—.-·
868 288 871 293 ·
980 364 991 401 !
1070 314 1111 349 Ψ

85 470 207 547 labore
221 480 382 555 vacanter
398 467 561 567 stipendiis
575 468 784 537 fruerentur.
833 472 1052 542 Sacerdotum
1071 440 1165 549 eniin

87 576 224 666 generi,
269 574 421 639 maxime
447 574 539 661 apud
560 572 744 642 Africanos
771 573 862 654 (rid.
882 578 1077 649 Heiltnann.
1097 582 1165 651 ll.
1236 650 1240 657 ,

89 703 132 770 p.
147 665 324 773 226),⁹²)
351 674 465 741 sedulo
483 672 657 764 pro'viium
681 689 754 742 erat
777 677 813 743 in
836 677 939 745 vitem
966 670 1163 772 victumque
1220 710 1224 721 ·
1274 672 1278 679 ¹

91 780 208 849 multi·
217 776 493 865 immunitatibue,
516 778 549 844 id
562 779 650 868 quod
663 777 870 866 Binglramne
885 779 1013 869 Origini
1025 784 1075 867 11,
1089 784 1164 852 226

92 916 147 933 -
160 876 233 951 233
257 879 363 950 funus
377 881 537 969 exposuit.
563 941 566 947 .
593 883 710 969 Quare
724 881 823 949 etiarn
836 881 969 951 scholae
985 886 1167 963 carentani,

92 1008 154 1067 cae
167 982 346 1072 praefectio
361 982 567 1071 aliquamdiu
582 996 615 1051 et
634 983 767 1074 quidem
781 990 854 1073 post
865 980 1049 1073 Origenem
1064 989 1167 1077 potita

92 1093 285 1175 fimumque
296 1085 374 1153 inde
389 1108 410 1151 e
426 1086 637 1153 Constantino
649 1088 698 1155 Μ.
710 1086 881 1175 publicam
896 1089 1089 1161 mercedem
1101 1092 1167 1155 etse

93 1189 257 1263 tributam
279 1192 322 1255 est
344 1174 639 1270 ve'rittmittimum,
680 1189 874 1275 praesertim
895 1213 974 1257 curn
997 1192 1170 1259 Caffiodo-
1215 1176 1218 1181 ¹

95 1286 219 1373 11:⁸⁹³)
232 1290 269 1371 ,id
290 1289 406 1359 diserte
425 1291 576 1359 videatur
598 1290 813 1359 confirmare.
868 1293 961 1360 Dicit
981 1295 1072 1360 enim
1089 1294 1166 1361 isiu
1209 1330 1212 1337 ·
1256 1326 1262 1339 1

97 1391 242 1485 praela.
273 1394 366 1460 inllit.
390 1392 493 1462 divin.
516 1394 626 1481 script.
649 1416 683 1482 p.
697 1390 789 1483 3⁰7²
837 1396 964 1477 „Nisus
986 1395 1060 1463 ium
1087 1419 1170 1465 curu

97 1496 280 1573 beutiffimo
294 1493 447 1584 Agapeto
470 1496 724 1576 urbieRomue‚
749 1509 795 1577 ut,
814 1500 898 1577 ficut-
909 1498 998 1586 apud
1013 1498 1185 1567 Alexan-¹
1274 1498 1278 1515 '

100 1600 210 1681 driarn
236 1598 344 1665 multo
369 1611 522 1686 tempore
546 1596 642 1665 fuill'e
671 1597 813 1665 traditur
835 1600 1034 1682 institutum,
1076 1624 1170 1667 nunc
1273 1614 1281 1629 ⁸

102 1702 200 1769 etiam
224 1701 259 1783 in
277 1700 381 1768 Nisibi
399 1701 532 1769 civitate
551 1703 718 1790 Syrorum
738 1700 903 1787 Hebraeis
923 1702 1037 1769 sedulo
1058 1700 1171 1771 iartur

104 1801 245 1893 exponi,
276 1802 404 1869 collaris
426 1806 576 1892 expendo
593 1805 629 1869 in
649 1801 734 1868 urbe
753 1804 908 1871 Romana
923 1804 1087 1893 profetica
1108 1803 1173 1870 do-

106 1920 213 1975 ctoree
232 1904 365 1971 scholae
379 1906 489 1993 potius
510 1906 701 1992 acciperent
717 1902 927 1986 christianae,
951 1907 1042 1971 unde
1059 1909 1172 1973 anima

108 2007 279 2097 ternpore
288 2020 459 2074 aeternam
472 2006 630 2087 salutem,
655 2019 688 2071 et
701 2006 784 2069 callo
798 2017 898 2092 atque
912 2007 1085 2093 puristimo
1099 2009 1172 2072 elo-

111 2110 183 2197 quio
199 2108 351 2203 fidelium
370 2110 484 2196 lingua
501 2100 798 2186 comeretur‚“⁹4)
823 2106 880 2196 qui
897 2130 966 2174 non
980 2122 1105 2175 temere
1121 2109 1176 2173 vi-

113 2212 203 2289 detur
221 2211 367 2289 inscitiae
385 2210 590 2277 accusandus
606 2212 669 2276 elle
681 2210 717 2275 in
730 2232 788 2291 re,
810 2231 913 2298 quam
923 2210 961 2277 in
977 2211 1173 2300 exemplum

114 2312 239 2380 trahere
257 2313 398 2380 recentia
411 2312 543 2380 inllituti
554 2308 760 2381 decreverat.

204 2416 327 2497 Restat,
352 2428 389 2482 ut
405 2438 624 2503 quaeramus,
657 2414 726 2480 ubi
750 2412 991 2481 catechetae
1017 2414 1174 2481 docue-
1226 2404 1230 2409 ⁵
1268 2472 1271 2477 .

114 2516 202 2584 rint.
220 2563 225 2569 -
251 2520 329 2585 Hac
351 2519 392 2585 de
412 2542 449 2585 re
470 2540 579 2607 paene
598 2516 682 2584 nihil
703 2528 816 2606 patres
831 2517 1058 2603 tradiderunt,
1081 2518 1175 2584 ideo-

114 2674 316 2694 *-

151 2760 215 2839 92)
237 2762 274 2824 ln
293 2732 434 2824 Romanu
452 2772 546 2825 coetu
564 2760 698 2823 eundem
715 2759 777 2824 iam
796 2762 898 2843 prisco
918 2781 995 2824 aevo
1014 2757 1177 2821 obtinuillo

178 2950 181 2955 Ι
213 2868 342 3016 ἓξὲξ,
362 2845 794 3011 pppbatbdll'ribbechoriua
808 2847 1002 2913 inExeroitt.
1015 2845 1177 2909 adliaron.

152 3046 218 3125 93)
238 3046 344 3109 Lorne
360 3047 468 3109 Innilii
486 3043 644 3122 Africani,
692 3047 726 3108 ui
746 3048 780 3110 in
799 3047 930 3128 praeiet.
951 3046 991 3109 de
1009 3046 1067 3126 legi
1079 3045 1185 3108 divin:-
1213 3082 1218 3091 ·

215 3144 297 3215 part·
318 3134 372 3207 (in
384 3134 526 3195 biblioth.
542 3148 665 3215 petrum
708 3132 751 3193 .1.
764 3142 824 3215 p.2
865 3134 904 3195 de
916 3133 1061 3195 Nifibena
1077 3130 1181 3195 schola

215 3218 291 3279 baec
313 3219 405 3280 dicit:
434 3217 496 3293 „In
516 3218 569 3278 illa
592 3218 697 3279 divina
714 3216 768 3277 lex
789 3239 845 3298 per
860 3219 1016 3297 magistros
1030 3212 1182 3298 publicet,

215 3304 291 3366 ficut
304 3304 386 3386 apud
398 3324 455 3366 noa
477 3305 510 3362 in
524 3302 686 3363 mundanis
699 3300 805 3363 studiis
821 3302 1015 3385 grammatica
1029 3310 1061 3361 et
1072 3301 1182 3362 rbeto-

214 3388 298 3463 rica,
319 3389 431 3449 ordine
442 3408 478 3448 ac
493 3387 676 3466 regulariter
690 3386 865 3458 traditnr‚“
884 3386 945 3447 buc
958 3407 1021 3448 non
1035 3389 1184 3468 pertinet,

215 3472 270 3535 ted
287 3474 326 3535 ad
344 3494 412 3548 eor,
441 3492 573 3552 quorum
594 3473 656 3533 tuit
667 3472 894 3551 grammaticam
907 3471 1047 3553 profiteri
1062 3480 1093 3533 et
1107 3470 1185 3530 rbe-

216 3559 347 3621 toricam
363 3560 496 3638 (easque
509 3556 541 3617 b.
555 3557 577 3621 l.
592 3557 716 3619 divinae
727 3557 789 3639 legi
802 3560 972 3641 oppetitae)
995 3559 1018 3620 i.
1030 3578 1058 3619 e·
1072 3554 1113 3615 ad
1124 3553 1184 3615 do·

216 3645 348 3717 tanain
361 3646 477 3707 museo.

148 3752 212 3840 94)
231 3759 391 3821 Sententia
410 3757 579 3830 casiodori
597 3758 658 3821 ott:
699 3758 788 3819 Sicut
805 3755 1015 3837 Alexandriae
1033 3762 1067 3815 et
1086 3747 1187 3816 Nibbi
1231 3817 1233 3821 ,
1262 3762 1267 3769 ·

218 3844 338 3904 collatio
357 3846 495 3925 expeufia
515 3866 532 3905 a
551 3844 690 3924 professio
709 3845 887 3905 doctoribus
904 3841 1025 3903 scholae
1044 3836 1187 3899 christia-

218 3924 509 3990 nae'babitaelunt
528 3938 561 3989 et
580 3927 749 4004 habentur,
781 3931 821 3991 tic
840 3930 933 3991 etiam
946 3927 1065 3985 Romae
1083 3930 1119 3982 ut
1133 3920 1188 3985 fiat

219 4014 388 4094 optandum
406 4012 458 4075 etr.
499 4014 595 4089 (Vox
613 4013 768 4095 „potiuu“
786 4014 901 4094 spectat
914 4011 952 4072 ad
965 4010 1103 4092 priorem
1119 4007 1187 4066 Ro-

163 4106 176 4115 ”
220 4118 383 4160 murorum
399 4098 686 4175 consuetudinem.)
727 4099 789 4161 Per
807 4100 839 4160 fe
859 4104 1003 4177 apparet,
1030 4092 1189 4159 carnoto-

219 4202 297 4245 rum
312 4182 450 4247 scholam
471 4184 682 4265 Alexandriae
699 4182 935 4264 catecbeticnm,
965 4197 1029 4244 uon
1048 4178 1189 4246 maleum

143 4312 146 4319 .
219 4268 395 4349 Quam
452 4298 461 4319 ,
