2572 4770
979 112 1011 159 't

498 276 502 283 ·
538 249 698 331 Summo.
1096 259 1172 325 sss

20 488 31 501 ,
63 422 111 496 u'ri
129 443 162 496 et
175 427 302 497 veneno
314 426 467 518 scrpemis
481 426 537 512 (da
552 448 649 517 opere
660 439 695 494 et
707 427 855 494 eleemos.
876 448 908 514 p.
926 430 1001 510 196)
1019 438 1114 518 step.
1131 443 1172 503 59

65 531 107 597 ad
121 524 237 596 Fidum
251 532 391 621 loquitur
408 531 450 596 da
469 530 643 612 „contagio
659 531 773 594 mortis
787 530 972 614 antiquae.'‘
1014 530 1173 619 Origenes
1207 584 1210 589 .

63 631 209 697 medium
233 634 322 698 inter
347 631 581 698 clementinam
607 641 641 694 et
658 630 970 711 ¹(iarthuginienfium
995 629 1173 700 doctrinam
1228 658 1240 677 ³

62 732 171 796 locum
184 743 290 814 tenet,
317 734 435 821 quippe
447 733 503 820 qui
517 752 630 796 omues
643 730 774 818 quidem
789 729 937 794 homines
949 746 1080 819 propter
1090 756 1174 821 psc-

64 844 133 896 cata
154 834 232 896 olim
250 832 452 920 ab·ipsnrum
475 833 641 896 animabus
659 844 839 919 perpetrata
862 843 974 895 natura
991 846 1174 927 peccatores
1236 886 1239 891 .

63 945 98 997 et
117 945 247 1021 propter
262 933 447 1017 mysterium
471 932 684 1013 generationis
701 933 846 1019 impuros
868 935 930 996 elle
953 930 1085 1015 dixerit,
1115 936 1172 1001 sed

63 1047 177 1100 natura
199 1047 366 1120 peccantes
387 1035 450 1098 else
471 1033 634 1115 negaverit
657 1032 826 1121 abitriique
845 1034 1024 1097 libertatem
1046 1038 1172 1123 semper

63 1134 303 1223 praedicaverit.
351 1132 511 1216 Didymus
530 1130 670 1220 denique
687 1118 729 1195 ex
740 1132 862 1198 Adami
879 1136 966 1221 lapsu
986 1137 1172 1205 continuam

62 1247 263 1324 peccatorum
283 1234 394 1299 seriem
408 1237 584 1321 prosectaur
598 1234 663 1297 else
677 1235 797 1313 censet,
824 1236 1002 1298 naturalem
1012 1256 1091 1300 varo
1103 1240 1173 1302 ho-

62 1327 161 1401 minis
174 1338 329 1401 malitiam
342 1349 447 1418 negat.
494 1334 626 1420 Duplex
641 1334 735 1413 igitur
746 1330 884 1399 studium
896 1335 984 1422 apud
996 1338 1085 1402 illius
1097 1342 1172 1409 aevi
1231 1330 1236 1337 ¹

32 1438 38 1445 ’
62 1449 169 1523 patres
184 1426 344 1525 applicas
359 1440 399 1501 a'b
418 1439 522 1500 altera
534 1445 623 1521 purte
641 1434 820 1498 libertatem
833 1435 953 1499 arbitrii
964 1450 1072 1502 contra
1086 1462 1174 1523 gno-c

62 1538 156 1603 sticos
177 1536 367 1603 validissime
384 1532 616 1614 contendendi,
636 1536 677 1596 ab
692 1536 790 1597 altera
803 1536 1036 1621 corruptionem
1050 1543 1173 1604 huma*
1200 1562 1203 1567 ·

63 1660 125 1702 nae
138 1651 269 1702 naturae
285 1636 581 1727 etlrsgenarationis
596 1635 810 1698 necessitatem
825 1636 987 1721 perspicus
1000 1641 1173 1727 pingendig

62 1739 204 1804 studium
223 1741 382 1826 utrimque
408 1749 516 1801 autem
539 1746 781 1823 praeruptarum
801 1735 1004 1802 antitbefium
1025 1739 1174 1806 declina-

62 1841 185 1904 tionem
206 1838 408 1920 invenimus,
436 1856 538 1925 eaque
557 1837 648 1899 causa
667 1837 731 1915 alt,
759 1856 816 1899 cur
832 1836 936 1902 multo
954 1835 1086 1905 demum
1101 1846 1173 1933 post

62 1960 170 2028 pugna
186 1939 238 2002 his
248 1936 296 2002 -de
311 1937 512 2020 dogmatibus
528 1934 676 2022 eruperit.

147 2037 200 2103 De
224 2041 395 2123 persona
423 2037 572 2103 Christi
598 2040 663 2117 jam
680 2033 836 2122 proximis
856 2037 1069 2124 apostolorum
1085 2062 1172 2109 aevo

62 2137 259 2222 temporibus
283 2140 392 2225 plures
412 2141 512 2203 sectae
536 2139 615 2202 falso
639 2140 818 2216 senseruut3
853 2157 929 2200 nam
949 2152 1173 2229 praeterquam

63 2236 148 2323 quod
158 2237 325 2303 Ebionitaa
337 2243 384 2319 (et
394 2237 740 2326 posteaTheodotiaui,
755 2237 853 2319 Alogi
867 2250 904 2302 ut
917 2235 1059 2322 ridetur,
1081 2243 1173 2309 Pau..

62 2340 116 2403 lus
128 2337 350 2403 samosatenus
371 2353 404 2404 et
419 2340 590 2421 Photinus)
608 2337 717 2403 Deum
736 2339 798 2401 eise
814 2359 890 2402 eum
901 2341 1084 2423 inegerunt,
1104 2356 1174 2411 tres

64 2441 278 2523 gnosticorum
298 2441 405 2505 classes
423 2443 642 2519 surrexerunt,
671 2458 754 2526 quae
772 2439 858 2502 male
878 2436 920 2502 de
939 2439 1063 2506 Christo
1079 2444 1174 2523 judi-

64 2550 182 2606 cerunt.
237 2538 343 2604 Prima
363 2539 555 2603 Docetarum
579 2541 680 2618 (sensu
700 2538 860 2619 strictiori)
884 2539 922 2602 in
941 2558 982 2604 ao
1003 2542 1073 2607 uim
1088 2554 1173 2611 rau..

64 2638 235 2705 tummodo
251 2641 381 2722 agnovit
397 2639 542 2704 divinam
559 2642 732 2728 omniaque
747 2641 889 2703 humana
910 2662 968 2726 pro
984 2644 1088 2728 specie
1106 2649 1173 2710 ha·-

63 2744 200 2824 buict);
227 2742 326 2805 altera
344 2742 454 2804 tribuit
470 2743 503 2805 ei
524 2741 654 2829 quidem
673 2763 802 2827 corpus,
831 2739 886 2803 sed
907 2744 1031 2807 nonnisi
1046 2745 1081 2806 in
1095 2748 1174 2833 spa-

64 2843 147 2908 ciem
165 2838 270 2907 nostro
290 2844 450 2927 aequales
466 2862 576 2931 revera
598 2840 695 2921 σῶμα
713 2835 934 2921 πνευματικὸν
951 2844 1006 2905 vel
1017 2839 1173 2928 ψυχικόν.

16 2920 31 2967 t
64 2943 175 3009 Tertia
190 2933 289 3028 λόγον
306 2944 425 3006 factum
446 2946 510 3007 esse
530 2942 696 3003 hominem
713 2941 860 3021 negavit,
890 2950 924 3003 et
944 2962 1017 3005 cum
1037 2947 1174 3014 homine

63 3044 138 3110 lesu
155 3044 217 3127 (uqi
235 3035 325 3106 κάτω
338 3041 491 3131 Χριστῷ)
511 3041 708 3127 baptismatis
724 3040 856 3105 demum
870 3054 1035 3107 momentu
1051 3048 1180 3136 (neque
1208 3048 1216 3063 “

63 3146 180 3210 abhinc
193 3145 226 3206 in
241 3145 483 3230 sempiternum)
499 3134 598 3227 λόγον
611 3136 684 3223 (τὸν
695 3131 763 3205 ἅνω
779 3135 944 3226 Χριστόν)
957 3145 1021 3208 sese
1035 3152 1174 3228 conjun-

64 3248 146 3312 xisse
166 3245 258 3308 dixit.
305 3246 454 3310 Jarnvero
476 3245 571 3309 nostri
591 3245 665 3309 aeui
682 3256 715 3308 et
736 3241 948 3310 occidentales
966 3258 1000 3309 et
1019 3245 1173 3313 Alexan-

65 3346 151 3410 drini
173 3358 279 3434 patrea
301 3347 335 3408 in
359 3367 400 3410 eu
419 3345 636 3426 conveniunt„
665 3342 753 3432 quod
772 3344 893 3410 Christo
918 3355 953 3409 et
976 3367 1054 3411 uere
1080 3348 1173 3413 divi-

64 3470 144 3514 uam
164 3460 198 3512 et
218 3449 393 3511 humanam
415 3459 560 3512 naturam
576 3447 764 3513 adscribunt.
807 3445 1074 3519 ContraDocetas
1092 3448 1172 3512 Gle-
1196 3472 1200 3478 ·

65 3568 182 3631 mens,
225 3549 383 3629 Origenes
423 3559 456 3611 et
490 3546 651 3630 Didymus
686 3545 871 3635 disputaut3
916 3561 1025 3611 tamen
1058 3548 1171 3617 uostris

64 3651 168 3716 acrior
193 3650 254 3713 suit
278 3650 313 3713 iu
340 3645 505 3714 refutanda
528 3647 585 3713 ista
607 3650 730 3714 haeresi
748 3649 965 3714 Tertullianus
986 3647 1060 3715 adv.
1077 3648 1172 3717 Mar-

67 3808 274 3832 m

103 3918 132 3986 0)
159 3916 237 3972 Huic
265 3913 344 3970 clasii
369 3888 535 3970 enumerari
560 3880 682 3985 ¹possunt
708 3914 799 3968 etium
821 3910 1005 3977 Manicheam
1041 3914 1172 3973 Minati

138 4005 215 4058 euim
229 4020 262 4059 ex
278 4003 418 4057 sententia
435 4002 552 4072 spiritua
565 4003 618 4057 ille
630 4003 713 4070 lulis,
737 4018 771 4054 cx
784 3999 930 4070 purisfima'
944 4000 1002 4053 Dei
1019 3999 1086 4055 luce
1099 4020 1172 4057 cou-

138 4089 231 4158 niri,
256 4092 410 4146 interram
425 4080 589 4161 tercentis,
608 4096 638 4144 et
651 4088 683 4144 iir
697 4087 822 4160 speciem
835 4092 951 4142 tantum
963 4085 1091 4145 huruuua
1105 4091 1170 4147 sur-

137 4175 224 4244 cupit
309 4188 312 4197 ·
881 4180 884 4185 “
