2572 4770
444 301 447 312 ·
528 252 698 322 Clemens.¹
1096 260 1166 331 111

52 438 187 513 bracos,
216 429 258 497 ed
279 414 448 499 Christum
488 426 834 554 Isponopooxcvdl‘ct
852 418 998 500 volrur‘
981 432 1170 521 ηφιλσσσ-

53 533 138 625 φία,
160 528 497 622 προσδοπσισῦσα
460 555 519 596 τον
532 526 600 598 ὑπο
588 531 771 623 Χριστοῦ
762 526 1036 616 τελεισῦμενον”
1055 537 1109 616 (cf.
1124 537 1178 619 ib

53 664 89 726 p.
106 649 185 705 585·
214 632 403 748 φαμὲντὴν
423 632 632 720 φιλοσοφίαν
652 627 828 721 ζὴτησιν”
805 656 893 714 εχειν
909 656 989 723 περι
980 624 1172 720 ἀληθείας

55 737 118 802 καὶ
137 735 195 822 τῆς
212 735 280 799 τῶν
301 722 404 798 όντων
421 728 588 829 φύσεως);
615 758 682 823 cap.
697 751 726 803 9.
749 742 866 821 ρ.541.
886 750 999 815 2cos,
1028 737 1171 823 quisine

58 839 262 928 philosophia
288 835 328 897 ad
348 834 447 898 sidem
465 837 632 921 pervenire
657 839 788 917 volunt,
820 839 868 900 eie
893 851 1068 926 comparat,
1102 839 1170 926 qui,

61 962 137 1004 cum
151 942 274 1002 nullam
288 937 363 998 vitis
378 957 486 998 curam
501 938 665 1017 gesserint,
692 939 797 1000 velint
809 939 872 1023 ah
862 939 955 1001 mitio
970 942 1074 1003 stetim
1090 960 1171 1005 urae

56 1042 220 1127 occipere:
240 1037 480 1124 χρηστομαθῆ,
501 1038 620 1121 pergit,
644 1037 733 1123 φημὶ
743 1034 801 1101 τὸν
812 1033 922 1103 πάντα
933 1032 994 1105 ἐπὶ
1004 1033 1065 1124 τὴν
1081 1033 1170 1124 ἀλή-

56 1145 163 1207 θειαν
180 1130 407 1223 ἀναφέροντα,
436 1131 517 1213 ὥςτε
534 1139 591 1202 καὶ
610 1131 680 1203 ἀπὸ
700 1135 904 1224 γεωμετρίας
918 1140 978 1205 καὶ
995 1139 1170 1228 μουσικῆς,

57 1244 117 1309 καὶ
135 1235 207 1306 ἀπὸ
227 1237 455 1327 γραμματικῆς
474 1239 532 1302 καλ
551 1237 758 1325 φιλοσοφίας
781 1232 882 1327 αὐτῆς
907 1234 1110 1327 σρειῑόμενσν
1129 1232 1172 1305 ιδ
1272 1232 1275 1241 '

56 1338 240 1431 χρήσιμον,
263 1332 540 1420 ἀνεπιβούλευτον
552 1333 783 1424 φυλάσσειν
747 1362 805 1426 την
818 1339 941 1406 πίστιν.
980 1343 1065 1407 Tum
1080 1365 1105 1407 c
1121 1356 1169 1410 16.

59 1458 189 1568 ptos.
220 1437 264 1505 El
285 1439 361 1521 μὲν,
390 1442 450 1515 eit,
476 1461 520 1522 μη
511 1434 827 1527 καταλαμβάνειν]
848 1439 1001 1529 ἐλληνικὴ
1023 1441 1171 1528 ptoco-

61 1543 128 1634 plo
140 1541 181 1609 τὸ
192 1538 392 1664 μέγεθος
350 1562 409 1627 της
422 1531 654 1624 ἆληθιίας,”
632 1563 683 1605 ττι
699 1541 736 1607 δὲ
749 1538 945 1618 ἐξασθενεῖ.
936 1537 1095 1630 πράττειν
1111 1539 1172 1621 τὰς

62 1641 227 1731 κυριακὰς
252 1637 402 1717 ἐντολὰς,
438 1635 513 1704 ἀλλ’
540 1632 597 1705 οὗν
623 1663 659 1726 με
686 1639 1073 1728 προκατασκευάζει
1098 1640 1172 1732 τήν
1198 1704 1201 1711 .

63 1741 163 1814 ὁδὸν
191 1744 239 1833 τῇ
265 1736 579 1828 βασιλικωτάτῃ
609 1738 937 1831 ὁιόασκαλίᾳ,’
917 1744 1072 1859 uptppe'wp
1099 1730 1201 1809 oet-⁵

63 1846 289 1939 φρονίζουσα,
310 1843 366 1906 καὶ
383 1839 422 1905 τὸ
438 1833 524 1928 ἦθος
540 1845 778 1961 npotvrcoioo,
797 1844 874 1908 καὶ
865 1840 1109 1930 προστὺφουσα
1121 1841 1172 1922 εἷς

64 1942 263 2039 παραδοχὴν
281 1944 341 2028 τῆς
360 1935 526 2028 ἆληθειας
542 1962 602 2027 τνν
620 1936 783 2029 πρόνοιαν
799 1938 989 2021 ὀσξάζσντα.
1038 1947 1173 2009 Accedit

64 2078 131 2142 cap.
155 2067 207 2119 20.
238 2071 269 2133 p.
291 2057 369 2124 375,
395 2047 450 2106 ubi
476 2043 624 2108 Clemens
642 2046 791 2123 largitur,
823 2047 1057 2131 philosophiam
1078 2052 1173 2133 saepe

10 2214 12 2223 .
63 2151 263 2238 argumentis
282 2149 329 2209 uti
347 2145 389 2207 ad
409 2145 507 2208 sidem
526 2143 705 2206 faciendam
719 2149 799 2231 aptis
812 2147 960 2226 („Etiam
973 2149 1174 2235 philosophia

64 2258 191 2320 confert
204 2249 245 2312 acl
259 2244 592 2334 comprehendendam
604 2248 770 2308 veritatem
780 2298 788 2325 ,
800 2269 874 2310 cum
886 2249 923 2310 sit
937 2249 1097 2336 inquisitio
1109 2272 1175 2316 ve-

63 2358 189 2432 ritatis,
219 2372 283 2413 non
304 2346 389 2434 quod
411 2348 448 2409 fit
469 2350 558 2409 causa
577 2349 883 2434 comprehensionis,
917 2348 971 2411 sed
991 2355 1080 2414 causa
1100 2362 1175 2419 cunt

63 2461 135 2522 eliis
149 2467 182 2519 et
195 2448 408 2537 cooperatrix,
421 2459 454 2508 et
467 2450 551 2509 sorte
565 2449 661 2511 etiam
675 2453 763 2512 causa
776 2453 964 2515 concausam
976 2489 1023 2525 -,
1037 2450 1076 2517 τὸ
1092 2475 1175 2520 συν·

63 2554 179 2624 αἰτιοκ
202 2544 313 2615 αἴτιον.
346 2584 399 2611 -.
463 2546 747 2626 Quemadmodum
774 2563 882 2613 autem
911 2573 984 2616 cum
1010 2556 1175 2620 beatitudo

64 2680 172 2725 unum
184 2657 239 2734 sit,
265 2654 335 2729 ejus
346 2650 454 2712 caulae
467 2652 539 2712 sunt
555 2654 663 2737 plures
677 2653 827 2732 virtutee;
857 2664 890 2715 et
902 2654 1177 2740 quemadmodum

66 2775 104 2825 ut
117 2759 192 2846 quie
208 2756 346 2832 calesiat,
367 2749 508 2814 efficiunt
523 2765 555 2815 et
570 2755 614 2814 sol
634 2745 765 2833 etignis
788 2765 820 2815 et
839 2755 990 2817 balneum
1010 2768 1043 2818 et
1061 2761 1176 2841 vestiag

65 2865 202 2926 itecum
222 2857 259 2917 sit
278 2875 342 2916 uua
361 2855 496 2930 veritas,
525 2854 627 2915 multa
648 2856 736 2932 sunt,
765 2876 846 2939 quae
866 2857 1088 2919 'conseruntad
1107 2863 1177 2938 ejus

67 2944 323 3049 inquisitionem,
351 2956 489 3017 inveniri
509 2967 617 3016 autem
637 2954 702 3015 line
724 2955 783 3016 filii
802 2957 921 3017 auxilio
935 2976 999 3017 nou
1014 2961 1122 3042 potest.
1130 2960 1177 3040 ’'):

68 3062 177 3128 Simili
196 3060 318 3119 ratione
331 3057 373 3118 ib.
390 3079 420 3142 p.
438 3067 498 3121 377
515 3056 713 3141 philosophia
732 3068 930 3140 comparatur
943 3078 1013 3117 cum
1028 3059 1132 3143 primo
1145 3070 1180 3125 et

68 3160 209 3232 fecundo
230 3158 326 3239 gradu
348 3159 395 3236 ei,
426 3159 481 3243 qui
503 3153 642 3218 ascendit
667 3147 717 3229 εἰς
737 3149 776 3217 τὸ
796 3146 958 3239 ὑπερῶον.
1012 3158 1180 3227 Praeterea

71 3268 134 3332 Str.
148 3263 209 3341 VI,
227 3275 276 3339 17,
299 3273 358 3326 820
378 3261 457 3321 haec
478 3258 570 3321 dicit:
600 3256 830 3337 „Extrinsecus
850 3257 1049 3344 philosophia
1068 3265 1182 3351 populi

72 3370 118 3432 est
138 3377 292 3448 tanquam
313 3361 416 3422 restis.
465 3359 762 3444 I’lrilosophi‘ergo,
794 3361 849 3444 qui
867 3360 907 3422 ad
926 3364 1089 3447 proprium
1106 3368 1184 3427 scn-

71 3472 143 3534 ium
164 3465 275 3551 spiritu
295 3460 397 3522 sensili
419 3462 599 3537 exercitati,
626 3460 792 3545 postquam
813 3482 876 3522 non
895 3474 1020 3547 partem
1039 3466 1185 3549 philoso-

71 3570 170 3657 phiae
180 3610 191 3639 ,
219 3562 273 3625 sed
292 3583 364 3625 eam
384 3583 466 3648 quae
488 3564 532 3623 est
549 3581 608 3646 per
625 3563 657 3621 s'e
672 3561 812 3621 absolute
825 3562 1041 3648 philosophia,
1064 3564 1184 3627 curiose
1264 3574 1267 3580 '

70 3667 314 3750 indagaveriut,
340 3684 413 3725 cum
433 3659 572 3747 quodam
589 3681 698 3722 amore
717 3661 860 3724 veritatis
874 3674 907 3724 et
925 3665 1002 3727 citra
1015 3666 1113 3725 ullam
1128 3684 1202 3731 ar-¹

10 3814 12 3819 ·
72 3771 253 3855 rogantium
265 3764 391 3826 veritati
406 3765 547 3824 ferentes
561 3761 796 3842 testimonium,
818 3775 850 3826 et
864 3785 906 3827 ex
919 3767 974 3842 iis,
1001 3784 1081 3849 (puae
1098 3760 1185 3849 apud

10 3896 15 3917 ι
73 3895 150 3951 eos,
170 3870 224 3957 qui
238 3868 310 3932 lunt
325 3864 467 3926 diversae
481 3861 658 3949 opinionis,
680 3875 765 3925 recte
783 3862 966 3944 dictasunt,
991 3865 1186 3950 profecerint

14 4026 18 4031 .
74 3974 116 4039 all
138 3968 402 4051 intelligentiam,
429 3986 487 4050 per
507 3963 650 4029 divinam
666 3960 970 4027 administrationem
988 3976 1021 4025 et
1034 3965 1187 4028 ineffabi-

73 4078 141 4141 lem
155 4073 348 4146 bouitatem,
369 4087 450 4152 quae
462 4068 603 4151 semper,
619 4076 773 4148 quantum
785 4065 854 4129 sieri
866 4066 984 4150 potest,
1000 4062 1085 4125 adid
1099 4063 1189 4151 quod

10 4138 19 4269 l
74 4179 120 4241 ert
138 4174 258 4240 melius
277 4167 406 4234 adducit
425 4187 556 4247 eorum,
586 4168 775 4251 quaesunt,
801 4176 964 4250 naturam5
986 4162 1103 4230 deinde
1118 4188 1186 4235 ιιοι
