2572 4770
126 245 178 311 η
315 264 320 273 =
506 222 602 315 Capu·¹
619 222 652 291 1.
704 214 851 287 Critica.
939 220 941 225 ’

129 436 183 483 crs
203 407 337 492 Origeni
356 403 483 494 probari
501 405 615 467 hornis
626 400 703 468 VH.
720 390 755 466 in
769 400 832 466 Jos.
845 403 868 484 t.
887 413 915 465 t.
935 402 999 466 vol.
1013 398 1057 480 11,
1072 406 1137 467 412
1156 400 1240 466 haee

126 518 225 585 verba
237 511 383 576 facienti:
405 508 425 541 '’
431 506 545 571 Petrus
557 506 655 568 etiam
668 502 792 566 duabus
805 502 1008 590 epistolarum
1020 506 1147 567 suarum
1158 525 1241 590 per-

127 623 219 691 sonat
240 613 343 677 tubis:
374 607 513 671 Iacobus
535 626 662 691 quoque
687 615 719 667 et
738 602 848 668 Iudas,
902 603 1005 667 Addit
1026 604 1239 668 nihilominus

128 717 236 787 adbuc
249 726 282 779 et
289 711 453 777 Iohannes
465 708 542 770 tuba
556 725 669 768 canere
682 727 740 790 per
751 705 899 791 epistolas
912 707 982 768 suas
992 755 1011 783 „
1027 716 1085 769 etc.
1114 704 1241 769 Omnes

89 876 96 893 ,
126 823 227 905 igitur
245 815 364 878 nostras
387 808 556 873 catholicas
581 806 727 890 epistolas
751 809 916 870 canonicas
937 805 1095 887 Origenes
1119 794 1241 870 habere

13 952 18 963 ·
129 920 276 999 videtur3
302 921 465 1001 praeterea
480 927 557 971 vero
579 908 676 968 etiam
689 904 729 968 de
748 909 818 973 aliis
832 910 971 994 epistolis
985 905 1168 970 verecunde
1186 906 1240 969 lo-

129 1006 246 1113 c'pnitur.
288 1014 453 1081 Barnabae
467 1010 633 1095 epistolam
649 1010 793 1071 nominat
807 1011 993 1072 catholicam
1007 1032 1033 1070 c.
1050 1008 1129 1072 Cels.
1145 1006 1172 1087 1,
1189 1019 1238 1073 63.

116 1124 195 1205 χαλ.
209 1118 237 1200 Ι,
255 1129 335 1195 373,
364 1111 602 1197 clementisque
622 1107 710 1171 haud
728 1109 930 1174 mediocriter
943 1109 1053 1173 laudat
1066 1107 1192 1174 Gomm.
1206 1108 1242 1171 in

129 1224 203 1293 doh·
215 1220 279 1283 vol.
293 1216 353 1293 IV,
372 1224 448 1291 1683
472 1210 512 1275 de
527 1211 624 1298 princ.
639 1208 682 1286 Π,
700 1221 730 1288 3,
747 1223 775 1275 6.
797 1212 860 1274 vol.
878 1208 905 1287 I,
924 1225 973 1279 82.

150 1370 154 1377 .
213 1313 490 1405 Apocalypsin
509 1313 528 1376 J
536 1311 710 1376 ohannis
729 1312 787 1372 illo
799 1312 952 1377 homiliae
964 1310 1039 1376 VH.
1060 1311 1094 1373 in
1111 1310 1239 1395 Josuaur

104 1413 107 1417 ’
129 1424 203 1491 loco
217 1419 357 1503 (verbisz
384 1414 404 1449 '’
412 1410 546 1479 Addit.
564 1459 572 1476 .
591 1413 754 1478 Iohannes
773 1417 850 1476 tuba
870 1434 982 1476 canere
1004 1434 1062 1498 per
1079 1414 1242 1500 eppinus

130 1536 168 1593 et
176 1517 378 1608 apocalypsin
387 1515 424 1595 „)
444 1524 477 1576 et
498 1515 666 1598 permultis
683 1527 846 1599 praeterea
867 1515 937 1576 aliis
957 1516 1034 1577 locis
1048 1535 1125 1577 uere
1140 1536 1241 1579 cano-

130 1624 236 1701 nicam
264 1621 369 1681 noster
395 1613 565 1702 praedicat.
620 1613 669 1678 Ita
692 1613 777 1700 apud
799 1611 970 1677 Eusebium
984 1617 1024 1701 h.
1048 1636 1077 1677 e.
1098 1613 1158 1694 VI,
1182 1625 1240 1682 25:

118 1716 314 1810 t&ypostatis
328 1707 594 1798 καλ(Ἰωάκκης),
619 1716 680 1792 ait,
701 1708 761 1799 τὴν
783 1703 1002 1799 ἀποκάλυψιν
1008 1761 1019 1793 ,
1047 1713 1242 1791 κελευσθεὶς

130 1819 308 1909 σιωπῆσαι
332 1814 458 1902 καὶμὴ
485 1807 618 1901 γράψαι
649 1809 710 1890 τὰς
734 1811 800 1877 τῶν
826 1807 912 1878 ἑπτὰ
934 1814 1082 1901 βροντῶν
1108 1806 1237 1903 φωνάς·

130 1920 257 1989 Gomm.
271 1921 306 1983 in
314 1919 429 1982 lliatth.
442 1915 482 1980 T.
497 1914 588 1980 XVI.
610 1917 674 1979 vos.
684 1910 743 1997 111,
761 1929 831 1983 719.
853 1930 929 1982 720:
948 1909 1100 2002 Ἰωάννης
1119 1965 1150 1981 ..
1168 1907 1240 2002 pd-

11 2098 15 2117 ·
52 2056 55 2062 ·
77 2074 80 2081 .
130 2040 220 2091 σκαικ
240 2016 275 2088 tv
297 2017 339 2106 τῇ
358 2009 577 2100 ἀποκαλύψει
597 2014 704 2079 ταῦτα
726 2064 756 2079 ..
780 2017 837 2080 καὶ
862 2010 953 2082 ἔοικα
979 2011 1039 2102 ιλιι
1067 2008 1241 2099 ἀποκάλυ-

12 2122 15 2129 '
130 2132 198 2211 ψιι
208 2116 244 2189 ἐκ
255 2123 297 2210 τῇ
309 2109 401 2205 ιη’σῳ
414 2111 577 2202 (Πάτμῳ)
589 2111 856 2201 τεθεωρηκέναι·
886 2120 1008 2182 Gomm.
1024 2120 1058 2181 in
1071 2119 1144 2183 Jolr.
1158 2116 1197 2183 T.
1213 2116 1240 2183 I.

131 2225 198 2290 vol.
212 2222 272 2301 lv,
289 2233 327 2287 16
345 2221 456 2296 (siuet.
470 2217 514 2297 11,
535 2219 606 2297 ts):
629 2216 731 2300 φησὶν
746 2208 804 2281 οὖν
815 2214 850 2282 ἐν
860 2217 901 2305 τῇ
915 2212 1132 2306 ἀποκαλύψει
1145 2213 1166 2285 ὃ
1180 2217 1240 2285 τοῦ

131 2316 321 2405 Ζεβεδαίου
335 2309 502 2400 Ἰωάννης·
526 2318 569 2380 ib.
594 2315 631 2380 T.
650 2316 693 2383 11.
709 2316 759 2382 ed.
785 2320 881 2383 Huet.
903 2342 934 2406 p.
953 2331 1009 2386 60:
1038 2315 1058 2385 ὁ
1083 2313 1185 2396 αὐτὸς
1204 2319 1241 2390 δι’

125 2410 279 2503 Ἰωάννης
293 2412 328 2480 ἒν
341 2417 383 2503 τῇ
393 2409 628 2502 ἀποκαλύψει,
650 2419 735 2483 alibi.

136 2512 157 2589 J
216 2517 343 2597 Restat,
378 2530 415 2581 ut
442 2515 483 2581 de
511 2518 679 2581 Hermae
701 2518 866 2585 Pastore
894 2543 995 2607 pauca
1020 2520 1240 2604 adjungamus.

130 2618 227 2687 Hunc
239 2619 379 2698 librum,
397 2640 495 2706 quem
509 2618 614 2683 eidem
629 2619 755 2699 tribuit,
777 2620 1071 2701 cujusRom.XVI,
1091 2635 1129 2691 13
1143 2644 1244 2687 men-

132 2722 179 2787 tio
194 2722 249 2799 fit,
283 2717 438 2791 divinitus
463 2721 650 2806 inspiratum
673 2722 736 2783 esse
757 2720 914 2803 Origenes
936 2724 1040 2785 censet
1061 2722 1187 2788 Gomm.
1207 2726 1243 2787 in

130 2844 184 2913 φρ,
203 2821 249 2905 ad
268 2819 362 2886 Rom.
386 2823 441 2883 lih
456 2819 499 2884 X.
520 2816 583 2885 vol.
597 2822 656 2902 IV,
673 2835 753 2902 683,
781 2834 815 2885 et
835 2825 983 2887 usitatum
1007 2846 1083 2886 eum
1109 2823 1242 2911 quidem

131 2922 226 3004 dicit,
260 2944 366 3010 neque
387 2935 497 2986 temen
516 2924 664 2987 omnibus
691 2937 727 2987 ut
754 2920 900 2985 divinum
925 2925 1095 3009 probatum
1115 2923 1240 2990 Comru.

129 3022 282 3208 ἒΧΝ.
295 3026 329 3091 in
342 3021 456 3091 March.
472 3025 535 3089 vol.
548 3023 609 3107 III,
628 3032 708 3110 6443
726 3027 839 3090 homil.
853 3023 944 3092 VIII.
969 3027 1004 3089 in
1022 3027 1156 3093 Numer.
1177 3027 1243 3093 vol.
1260 3030 1264 3043 '

189 3131 262 3192 294.

212 3324 351 3407 erjam
385 3340 608 3394 convertamur
645 3328 694 3393 ad
729 3349 814 3391 eam
854 3328 1026 3394 criticae
1062 3338 1241 3414 partem,

128 3446 233 3515 qnae
258 3429 300 3490 in
327 3429 501 3510 singulis
521 3433 659 3495 verbis
680 3433 876 3494 versatur.
928 3428 1026 3507 Quod
1045 3426 1089 3491 ad
1109 3429 1245 3493 Vetus

127 3522 234 3601 Τοῖα
256 3527 414 3616 pertinet,
444 3533 587 3596 criticum
608 3554 690 3620 opus
713 3532 848 3595 conserit
871 3529 1029 3610 Origenes
1050 3529 1244 3595 immortalis

109 3628 286 3723 thonius,
307 3629 406 3693 biblia
418 3632 613 3719 hexaplaria.
654 3632 837 3721 (Tetrapla,
859 3630 892 3695 id
908 3628 994 3716 quod
1015 3630 1087 3693 sutis
1111 3633 1243 3709 constat,

11 3716 16 3745 ¹
127 3729 171 3795 ab
183 3728 338 3816 hexaplis
366 3752 401 3797 re
428 3755 495 3796 non
517 3733 686 3815 differunt3
716 3745 807 3797 eraut
828 3734 915 3794 enim
933 3733 978 3794 ita
1003 3730 1170 3819 dispositu,
1204 3740 1243 3795 ut

126 3831 232 3917 prima
243 3834 394 3897 columna
408 3835 575 3898 exhiberet
594 3837 773 3899 versionem
789 3832 946 3919 Aquilae,
973 3835 1070 3895 altere
1084 3831 1244 3913 Symma-

128 3933 197 4013 chi,
225 3931 321 3999 tertia
333 3932 434 3999 LXX
455 3935 686 4023 interpretum,
716 3948 827 4023 quarta
843 3932 980 4020 denique
995 3931 1239 4021 Theodotionit.

124 4026 287 4101 Nimirum
299 4037 479 4101 versionem
501 4035 566 4099 τῶν
590 4030 609 4099 ό
629 4039 723 4100 tertio
738 4040 809 4115 loco
823 4036 928 4121 posuit
942 4022 1119 4115 Origenes,
1147 4044 1184 4097 ut
1199 4028 1247 4107 ad

123 4146 196 4211 m,
229 4156 329 4218 quarn
353 4136 501 4223 eundum
527 4138 727 4204 existimabat
754 4142 820 4205 esse
852 4138 1121 4202 accuratissimam
1146 4136 1245 4217 (sicet,
