2572 4770
419 270 611 360 Didymus.
663 270 821 335 Srmtmo.
997 324 1000 329 .
1098 270 1192 353 44⁷,

57 457 180 518 iuemm
195 450 296 515 vitam
317 446 460 513 ducare”
482 447 539 530 (de
553 448 626 512 triu.
643 447 686 528 ΙΙ,
703 462 751 529 17,
768 453 856 531 281).
876 468 921 496 ·-
962 447 1010 512 Ita
1026 448 1059 512 in
1075 447 1175 514 Cbrlss

59 556 159 619 [tiano
177 571 292 640 corpus
306 551 433 617 animae
448 551 646 638 obsequitur,
667 550 772 612 anima
784 572 860 614 vero
868 551 949 614 Deo.
992 548 1174 629 „Anima’',

59 657 104 719 ait
125 658 231 719 noster
252 651 293 714 de
312 664 352 715 tr.
371 647 490 730 111,'1,'
504 663 582 733 316,
618 653 671 731 „fi
691 664 778 715 recte
796 652 915 717 vixerit
935 671 1007 713 curn
1031 668 1174 734 corpore,

59 768 93 821 et
118 755 201 818 illud
219 756 277 818 fibi
295 754 521 838 obtemperans
539 774 575 817 ac
593 754 770 831 subjectum
791 764 917 832 teneat,
949 761 982 813 et
1001 749 1042 812 ad
1065 749 1175 813 Deum

61 869 281 936 convertatur,
317 865 350 918 et
369 853 433 917 Dei
451 854 693 934 cogitationibus
713 855 903 939 impleatur,
935 852 1037 913 multa
1057 862 1089 913 et
1112 871 1176 913 au-

60 958 148 1036 gusta
169 959 319 1042 praebet3
348 977 424 1018 nam
441 952 528 1042 quod
545 964 710 1017 terrenum
729 957 790 1031 eit,
816 951 850 1015 id
863 973 900 1015 en
913 950 1048 1014 reddere
1062 951 1177 1014 nititur

60 1051 198 1133 ἀπαθὲς
212 1042 301 1135 οἷον,
323 1055 436 1118 iudore
449 1054 531 1118 iliud
548 1077 584 1118 ac
596 1053 765 1119 tolerantia
779 1063 812 1115 et
823 1052 989 1132 omnibus,
1012 1070 1091 1139 quoa
1103 1052 1177 1115 vir-

58 1159 138 1220 tutis
148 1158 238 1220 caula
247 1157 390 1235 sustinet,
407 1156 567 1220 laboribus
577 1176 747 1234 exornans,
767 1166 800 1217 et
810 1156 912 1241 ipsum
924 1173 1038 1234 regens
1051 1174 1087 1217 ac
1099 1175 1178 1216 mo·-

60 1255 192 1336 derans,
212 1267 245 1319 et
256 1277 314 1342 per
324 1255 541 1318 molestiarum
555 1254 783 1343 dolorumque,
802 1276 882 1341 quos
895 1253 1075 1340 experitur,
1097 1274 1177 1338 per-

11 1433 14 1441 ,
57 1358 238 1445 pollionem
258 1355 300 1419 ad
312 1358 491 1438 religiosam
509 1377 544 1418 ac
557 1357 646 1441 piam
658 1357 759 1420 vitam
771 1354 853 1418 illud
869 1356 1012 1417 excitans
1025 1375 1060 1416 ac
1074 1354 1177 1417 veluti

59 1460 181 1522 furium
196 1458 341 1541 erigens3
363 1459 526 1544 propriam
537 1475 615 1519 vero
624 1459 824 1521 uoluntatem
837 1457 895 1519 fibi
907 1458 1078 1536 subjectam
1087 1466 1177 1518 tenet

60 1581 98 1623 ac
112 1557 212 1623 fidem
224 1560 329 1623 servat
345 1559 557 1645 inculpatam,
576 1568 611 1618 et
627 1558 795 1622 hominem
810 1562 901 1644 supra
914 1555 1082 1620 hominem
1094 1576 1181 1620 tetre«¹
1197 1564 1200 1569 '

59 1662 129 1741 hit,
157 1660 278 1726 fide-et
299 1658 450 1721 doctrinis
472 1676 547 1720 eum
563 1656 785 1728 venerandum
803 1656 959 1739 reddens,
984 1669 1018 1721 ot
1039 1656 1080 1720 ad
1097 1660 1178 1744 iup-

60 1761 247 1848 plicandum
268 1758 405 1823 trinitati
427 1760 460 1822 ie
482 1757 658 1837 inclinans,
691 1768 725 1819 et
746 1757 987 1842 adjumentum,
1021 1758 1108 1848 quod
1134 1780 1178 1824 ex

60 1864 150 1927 liisce
164 1864 261 1925 rebus
275 1858 425 1946 percipit,
444 1859 538 1920 fuum
553 1857 655 1920 veluti
667 1858 773 1921 cibum
787 1858 947 1923 faciens.”

138 1961 200 2025 ‘De
226 1959 389 2047 nuptiis
415 1955 556 2043 denique
579 1969 687 2021 contra
705 1956 844 2024 Manicb.
868 1982 901 2047 p.
923 1973 984 2027 209
1013 1961 1191 2025 bacche-1

61 2063 133 2126 bet:
169 2060 235 2141 „st
254 2080 332 2124 vero
350 2057 509 2137 dixerint,
538 2058 654 2122 ficato
676 2059 797 2144 peccati
817 2062 862 2122 eit
882 2080 965 2145 quae
980 2082 1022 2124 ex
1037 2067 1178 2141 conjun-

62 2163 168 2224 ctione
183 2161 246 2223 viri
259 2173 292 2223 et
305 2159 449 2222 feminae
466 2163 542 2221 ‘nata
555 2160 617 2237 est,
646 2160 750 2223 malae
770 2161 842 2222 lunt
860 2161 1011 2244 nuptiae3
1044 2162 1178 2226 audiant

14 2338 17 2343 q
61 2261 129 2339 isti,
163 2260 250 2346 quod
269 2271 345 2322 ante
369 2257 748 2340 adventumlfalvatorie,
784 2260 840 2346 qui
861 2261 992 2326 abstulit
1011 2275 1177 2349 peccatum

61 2358 193 2439 mundi,
222 2360 570 2443 tantumtantum,
598 2360 676 2422 ficut
697 2362 759 2423 alia
787 2381 860 2423 cum
878 2373 1007 2447 peccato
1029 2366 1177 2445 agebant,

61 2462 104 2524 fic
123 2460 223 2524 etiam
244 2461 372 2548 nuptias
395 2481 468 2525 oum
491 2471 621 2546 peccato
640 2462 810 2526 habebant.
859 2459 955 2527 Unde
971 2463 1116 2528 [imiliter
1135 2464 1179 2529 de
1229 2469 1233 2479 “

63 2562 247 2646 corporibus
275 2583 319 2625 ex
348 2562 508 2626 connubio
538 2562 621 2624 natis
647 2561 850 2644 cogitandum
877 2566 942 2628 eit:
994 2563 1081 2646 Quia
1106 2569 1182 2653 poit
1235 2562 1241 2593 ¹

61 2673 230 2746 peccatum
249 2664 333 2725 facta
352 2665 414 2726 fuit
433 2662 612 2744 conjunctio
624 2660 745 2726 Adami
764 2687 837 2728 curn
850 2664 935 2744 Eva,
962 2667 1074 2729 iccirco
1091 2667 1193 2731 dicta'

46 2764 108 2825 soit
127 2783 198 2824 caro
216 2764 348 2846 peccati.
372 2807 381 2824 .
428 2765 662 2826 Verumtamen
680 2786 739 2850 per
751 2766 925 2829 adventum
941 2766 1071 2847 Christi,
1098 2770 1179 2831 licut

63 2869 104 2929 ab
118 2865 189 2927 aliis
204 2864 300 2924 rebus
312 2862 455 2922 ablatum
469 2863 515 2923 eit
530 2876 711 2953 peccatum,
733 2867 775 2928 fic
788 2866 886 2929 etiam
899 2888 919 2929 a
930 2867 1060 2952 nuptiis.
1106 2868 1181 2933 lta-

64 2987 127 3053 que
150 2984 234 3025 nunc
253 2961 309 3047 qui
329 2959 502 3025 fecundum
524 2966 725 3044 evangelium
750 2968 881 3048 vivunt,
912 2969 1032 3033 babere
1051 2973 1180 3056 poliunt

62 3065 269 3132 honorabiles
287 3062 414 3147 nuptias
431 3071 465 3122 et
487 3072 594 3125 torum
611 3063 863 3131 immaculatum.
887 3115 896 3133 .
943 3068 995 3132 Ex
1014 3093 1078 3157 quo
1091 3075 1128 3136 fit
1142 3086 1180 3139 ut

24 3176 27 3185 '
64 3185 170 3253 neque
187 3176 353 3251 peccatum
371 3164 409 3225 iit
425 3163 618 3242 conjugium.
660 3166 767 3229 Aliter
785 3168 884 3231 etium
901 3166 965 3233 dici
982 3176 1084 3257 potest
1104 3196 1181 3237 rna-

64 3269 113 3347 gis
135 3266 274 3353 pbyfice.
323 3263 442 3327 Divina
462 3261 620 3350 quaedam
640 3286 692 3330 res
712 3270 757 3332 eit
779 3269 963 3354 virginitas,
998 3273 1055 3336 καὶ
1075 3265 1120 3350 ὡς
1143 3269 1181 3341 ἓν

64 3359 200 3456 ἀρεταῖς
228 3356 381 3451 ὑπάρχει.
440 3362 477 3428 Si
507 3364 579 3451 quis
605 3365 702 3447 igitur
732 3370 859 3456 nuptias
891 3392 965 3436 cnm
994 3374 1179 3455 virginitate

64 3469 251 3544 conferens,
274 3466 357 3551 ipsae
378 3462 461 3527 dicat
483 3477 649 3552 peccatum
669 3472 750 3549 elie,
777 3494 844 3534 non
859 3475 1000 3537 absolute
1014 3477 1085 3537 lunt
1098 3498 1181 3562 pec-

66 3580 192 3647 eatu1n3
214 3557 337 3629 malum
350 3566 438 3629 enim
452 3588 517 3629 non
526 3568 762 3654 comparatione
776 3573 851 3635 boni
865 3577 987 3637 malum
1001 3578 1061 3654 eit,
1075 3570 1182 3664 liqui-¹

65 3667 141 3732 dem
154 3688 212 3754 per
225 3669 331 3730 letale
344 3668 422 3730 est.”
456 3668 521 3749 (cf.
535 3667 843 3755 quasilliugarellius
855 3677 916 3740 bac
929 3675 972 3739 de
987 3696 1022 3738 re
1035 3674 1180 3743 dilleruit

65 3770 247 3836 comment.
262 3767 303 3833 de
315 3766 458 3853 Didymo
472 3792 504 3857 p.
517 3769 614 3838 LVII
624 3807 667 3821 -
679 3771 786 3854 LIX.)

534 3987 706 4038 SUMMA.

150 4089 373 4174 Athenagoras
387 4108 446 4155 nos
459 4092 548 4170 jubet
560 4112 599 4157 eo
611 4096 766 4181 spectare,
782 4105 818 4158 ut
830 4086 1037 4185 utrarumque
1052 4060 1186 4163 nostra-²

66 4210 138 4261 rum
157 4193 293 4278 virium,
330 4205 400 4258 turn
417 4212 658 4279 corporearum,
692 4206 763 4264 turn
780 4197 969 4286 spiritalium
986 4208 1182 4275 concentum·
