2572 4770
54 444 124 507 leiti
143 445 214 511 luce
231 443 322 532 supra
344 444 480 510 modum
497 440 708 532 splendidior,
737 463 770 514 et
782 453 870 515 omni
887 450 1089 535 celsitudloe,
1110 458 1169 520 ul·
1242 502 1251 517 ,

52 555 101 607 tra
111 565 207 629 quam
217 544 278 609 dici
288 549 395 632 possit,
409 549 700 632 excelsior-existat,
715 564 747 615 et
757 554 895 632 cujusvis
909 554 1026 617 meotis
1038 555 1168 623 infinite

23 659 29 677 ⁴
54 646 179 707 ratione
200 647 447 729 intelligentiam
464 649 626 714 excedat·
651 650 824 729 Quomodo
841 655 928 717 enim
943 674 998 734 ea,
1026 676 1107 742 quae
1125 657 1168 724 ad
1254 718 1258 723 .

53 746 231 810 trinitatem
254 750 433 834 pertinent,
467 751 616 814 omnibus
643 752 974 840 incomprehensibilia
1000 778 1066 820 non
1094 760 1168 842 sint,
1270 800 1273 805 <

55 871 128 913 cum
162 851 240 943 ipsa,
263 872 371 914 rerum
405 851 551 913 omnium
585 854 719 915 creatrix
753 856 808 936 sit,
856 867 889 918 et
921 858 1013 944 supra
1047 881 1169 946 quam·-

53 951 132 1011 libet
145 951 394 1032 intelligentem,
415 953 482 1015 imo
496 963 528 1014 et
541 951 775 1033 intelligibilem
788 969 963 1020 creaturam
980 979 1076 1044 quam
1089 963 1169 1024 lon·
1242 1019 1244 1024 .

53 1051 177 1130 gissime
192 1042 379 1131 eitollatn-r,
405 1073 441 1114 ac
452 1054 521 1138 post
533 1053 633 1140 ipsam
647 1057 872 1121 nihilomnino
889 1058 1023 1123 ulterius
1034 1061 1089 1138 sit,
1111 1061 1169 1129 sed

54 1152 162 1214 omnia
185 1154 293 1238 potios
315 1154 371 1214 sub
389 1153 455 1237 ipsa
472 1155 549 1231 sint,
575 1166 608 1217 et
621 1171 751 1242 propter
765 1157 881 1241 ipsam,
910 1170 944 1221 et
960 1160 1016 1221 sub
1029 1158 1167 1245 pedibus

52 1250 168 1336 ipsius,
190 1264 302 1339 utpote
314 1253 441 1317 creata?
469 1254 660 1340 Auspicatus
675 1260 719 1318 est
734 1257 821 1319 enim
835 1271 925 1344 pater
939 1261 1167 1346 complacendo

54 1345 327 1439 (προκατήρξατο
350 1346 565 1441 εὐδοκήσας),
601 1357 719 1420 creavit
744 1351 1035 1446 (ἐδημιούργησεν)
1057 1372 1167 1427 autem

52 1453 245 1533 Unigenitus
265 1468 298 1518 et
311 1456 516 1518 sanctificavit
527 1457 653 1541 spiritus
664 1457 743 1536 Dei,
771 1469 803 1520 et
819 1459 1039 1524 sanctificando
1054 1465 1170 1548 persea

53 1555 113 1632 cit,
141 1555 351 1635 illuminavit,
377 1557 608 1636 corroboravit,
635 1558 827 1637 vivificavit,
856 1570 942 1622 totus
963 1559 997 1621 in
1016 1564 1168 1629 omnibus

52 1668 87 1718 et
105 1656 138 1717 in
156 1657 286 1738 singulis
302 1660 457 1736 existens,
485 1669 518 1719 et
531 1667 617 1722 totus
633 1663 672 1723 ab
686 1661 835 1723 omnibus
849 1671 978 1746 propter
991 1661 1088 1747 ipsius
1102 1664 1167 1729 bo-

51 1759 188 1821 nitatem
209 1760 415 1845 participatua
435 1770 469 1820 et
488 1771 651 1845 receptus,
684 1772 877 1822 nontamen
898 1760 1032 1840 divisus,
1059 1783 1167 1849 neque

51 1860 116 1922 alio
138 1859 382 1939 transmigrans,
411 1877 517 1944 neque
540 1861 753 1923 mutationem
768 1859 911 1939 subiens,
940 1859 996 1922 sed
1015 1865 1167 1932 omnibus

50 1959 170 2024 eodem
188 1963 312 2044 semper
330 1956 445 2037 modo,
475 1980 540 2020 non
559 1980 636 2022 vero
652 1980 694 2020 ex
707 1969 813 2044 parte,
836 1960 1010 2044 inspirans,
1038 1975 1168 2048 et-pro-
1195 1998 1198 2003 ·

50 2063 155 2149 priam
181 2060 355 2145 puritatem
382 2080 401 2122 a
426 2061 609 2143 corporibus
636 2057 918 2129 incontaminatam
946 2061 1092 2142 servans,
1131 2075 1166 2128 et

48 2164 159 2226 omnia
177 2161 286 2227 divino
300 2158 398 2222 modo
412 2159 597 2224 illuminans
611 2172 644 2223 et
658 2159 778 2244 ubique
790 2159 1084 2242 sancuficationem,
1107 2183 1166 2226 ca-

46 2265 196 2343 ritatem,
223 2262 353 2349 pacem,
378 2259 582 2346 sapientiam,
610 2258 780 2340 gaudium,
802 2260 999 2322 securitatem
1016 2273 1048 2323 et
1067 2284 1165 2328 omne

47 2368 172 2430 bonum
198 2360 380 2442 adaugens,
417 2371 527 2445 utpote
553 2360 609 2447 qui
634 2381 677 2423 ex
697 2373 830 2445 paterno
852 2361 944 2422 fonte
965 2360 1166 2428 sohfistenter

50 2463 251 2555 emangverit
265 2484 268 2493 -
283 2475 378 2547 atque
407 2459 545 2523 eluxerit
573 2453 822 2538 (ἕνυποστάτως
851 2452 1064 2544 insimulor),
1104 2482 1165 2549 par
1216 2542 1220 2550 .

50 2585 148 2652 quem
161 2573 194 2626 et
206 2573 336 2648 propter
347 2580 443 2647 quem
460 2559 625 2622 nobiscum
639 2562 781 2623 versatur
793 2560 882 2623 Deus
896 2573 928 2624 et
941 2571 1049 2645 poter,
1077 2585 1165 2650 quo-

51 2686 125 2729 cum
146 2663 272 2750 spiritus
288 2662 354 2749 ipse
370 2672 401 2725 et
416 2662 450 2724 in
465 2659 561 2724 coelis
575 2663 621 2723 est
633 2650 763 2745 et‘apud
780 2681 838 2723 noa
852 2675 976 2742 manet,
1007 2684 1083 2726 nam
1098 2687 1174 2750 po-,

32 2768 110 2828 'test
131 2762 261 2850 quidem
283 2781 493 2846 unaquaeque
519 2759 627 2822 divina
650 2762 782 2847 persona
804 2761 910 2822 omnia
934 2762 1073 2844 perfecte
1095 2765 1164 2827 fine
1271 2818 1276 2829 ,

49 2867 149 2929 ullius
158 2863 330 2945 indigentia
339 2862 460 2938 facere,
482 2881 596 2923 verum
609 2871 643 2922 ut
655 2857 767 2921 eadem
779 2858 995 2925 ostenderetur
1007 2866 1163 2948 operatio,

51 2966 230 3050 eademque
258 2983 331 3026 cum
356 2960 484 3023 essentia
510 2960 665 3046 ipsarum,
698 2974 767 3022 tum
792 2959 934 3023 adoratio
955 2975 987 3024 et
1007 2965 1107 3043 gloria
1129 2976 1163 3030 et
1188 3024 1192 3031 .

51 3063 335 3149 gratiarumactio,
363 3081 444 3146 quae
459 3060 505 3122 eis
518 3058 609 3122 reddi
626 3081 644 3122 a
659 3061 752 3122 nobis
766 3057 886 3123 debet’'
903 3063 961 3140 <ita
976 3083 1007 3126 v.
1022 3085 1047 3126 c.
1066 3061 1106 3128 de
1120 3076 1161 3130 tr.

48 3167 93 3246 ll,
109 3179 159 3243 27,
179 3177 238 3231 306
259 3162 438 3225 universam
456 3159 637 3223 trinitatem
652 3164 756 3223 noster
774 3159 900 3238 adorat,
933 3167 1063 3228 exorsus
1083 3185 1164 3228 ver·
1192 3162 1194 3167 ’

49 3269 116 3333 bia:
141 3254 361 3349 Ἀγαθωτάτη
376 3262 433 3325 καὶ
446 3252 699 3345 παναλκεστάτη
713 3253 840 3346 τριάς),
863 3259 964 3340 „ideo
978 3264 1163 3327 communi-

49 3380 100 3432 ter
113 3388 131 3429 a
142 3369 245 3430 sancta
261 3365 401 3426 trinitate
415 3361 530 3435 creatio
546 3361 702 3447 completa
718 3362 815 3423 suil.”
858 3360 922 3441 (ef.
943 3359 983 3424 de
996 3375 1034 3428 tr.
1048 3363 1090 3440 Π,
1110 3376 1160 3430 17.

49 3489 82 3554 p.
97 3471 185 3547 aaa).
239 3464 301 3547 „si
321 3465 355 3526 in
374 3463 514 3525 trinitate
535 3461 593 3540 (ib.
612 3459 673 3539 111,
694 3474 724 3527 e.
743 3459 770 3545 t.
789 3472 838 3529 eo.
862 3485 894 3548 p.
913 3468 988 3542 aas)
1014 3474 1162 3535 naturam
1272 3540 1277 3562 .

49 3590 115 3631 non
131 3567 293 3648 distinguit
307 3564 472 3650 scriptura,
500 3583 558 3625 nec
574 3559 677 3648 prima
693 3572 726 3624 et
739 3561 874 3624 secunda
889 3560 922 3626 et
936 3562 1029 3625 tertia
1047 3573 1162 3627 natura

47 3671 83 3733 in
96 3672 162 3758 ipsa
175 3670 316 3733 trinitate
338 3653 555 3745 distinguitur,
588 3682 759 3750 quamnam
778 3662 935 3726 rationem
952 3663 1065 3725 afferre
1081 3665 1162 3747 pos-

16 3807 19 3812 ·
46 3772 120 3834 suot
143 3770 294 3835 haeretici
319 3766 469 3831 adversus
495 3785 567 3845 eos,
605 3765 661 3850 qui
685 3765 775 3827 illam
802 3762 934 3828 madunt
957 3761 1162 3828 essentialiter

47 3871 180 3960 quidem
197 3891 294 3935 unam
308 3871 387 3946 else,
414 3870 448 3930 in
462 3866 706 3952 proprietatibus
721 3886 797 3928 vero
815 3856 1028 3950 hypostafium
1043 3859 1161 3923 distin-

47 3986 134 4036 ctam
161 3963 335 4058 (ἡνῶσθαι
359 3967 421 4049 μὲν
447 3956 551 4050 αὐτὴν
578 3955 766 4040 odoratas,
802 3957 1040 4051 διακεκρίσθαι
1062 3956 1100 4026 dd
1123 3957 1161 4028 dv

45 4065 217 4157 ἰδιότησιν
234 4060 465 4148 ὑποστάσεων)
476 4066 516 4131 ?”

751 4263 779 4330 z
1012 4242 1013 4250 ¹
1038 4228 1063 4275 Q

383 265 564 358 Didymus
591 244 836 390 (llrepologia).
1093 284 1165 353 353
1204 178 1213 227 i
