2572 4770
548 251 729 344 Origenee.
753 242 761 251 ’
1141 258 1190 323 69

77 452 212 511 eorum,
240 452 322 517 qnae
341 431 561 519 requiruntur,
587 433 756 517 pervenire
774 454 839 496 non
860 431 991 518 poterit,
1015 450 1071 492 nec
1085 431 1191 492 omnic

30 543 33 546 ’
77 555 191 609 meuc,
222 555 304 620 quae
328 547 430 597 creata
450 537 512 609 est,
540 535 683 618 possibile
704 536 801 596 hallei
818 537 885 594 ullo
908 554 1023 613 genere
1040 530 1190 615 compre·-

78 632 242 709 ltendere‚
269 634 322 696 sed
341 647 376 696 ut
394 637 553 699 invenerit
569 634 725 720 quaedam
740 656 782 697 ex
797 635 865 714 his,
889 654 970 719 quae
984 642 1189 719 quaerantur,

82 736 196 796 iterum
219 734 309 796 videt
328 738 407 813 alia,
433 758 514 822 «puae
536 734 717 821 quaerenda
738 739 818 798 lunt.
868 733 964 812 Quod
987 734 1042 796 etii
1063 730 1104 794 ad
1122 734 1188 818 ipsu

82 836 277 920 pervenerit,
299 838 400 897 multo
415 835 531 898 iterum
545 838 635 923 plora
651 858 692 899 ex
705 838 784 916 illie,
811 858 893 922 quae
910 836 1018 922 quaeri
1038 832 1188 911 debeant,
1242 912 1245 917 Ι

78 933 301 1020 pervidebit„
354 935 510 999 Similiter
526 960 551 999 e.
572 937 651 1001 Cels.
669 937 712 1014 ΙΙ,
728 953 757 1005 2.
785 939 849 1000 vol.
864 936 890 1014 I,
912 950 971 1004 388
992 937 1070 1037 '¹⁸5⁰
1093 931 1187 996 dicit:

77 1032 210 1114 „Multa
231 1037 304 1097 sunt
325 1036 358 1096 in
374 1036 462 1114 lege,
490 1058 572 1122 quae
592 1040 680 1101 sensu
699 1040 829 1125 spiritali
849 1026 973 1099 'edisseri
991 1048 1022 1099 et
1035 1034 1188 1120 explicari

75 1132 236 1212 debeant,
268 1156 327 1197 nec
345 1156 382 1197 ea
403 1138 468 1197 ullo
481 1137 580 1202 modo
599 1151 674 1203 tunc
692 1142 870 1218 intelligere
887 1150 1033 1223 poterant
1046 1136 1187 1223 apostoli,

77 1236 147 1298 nati
160 1237 243 1298 inter
254 1233 394 1299 Judaeos
408 1248 441 1298 et
452 1237 587 1302 educati.
624 1238 727 1304 Credo
741 1239 907 1328 equidem,
921 1241 1073 1323 quoniam
1087 1240 1189 1318 ligura

76 1349 172 1400 erant
188 1333 312 1399 Judaici
332 1338 381 1398 illi
399 1339 495 1418 ritus,
529 1340 647 1404 veritae
667 1354 791 1419 autem,
816 1361 897 1426 quae
917 1340 1043 1425 spiritus
1067 1341 1190 1402 sanctur

76 1458 137 1501 eoa
152 1434 302 1498 docturus
322 1448 405 1515 erat,
434 1452 564 1524 propter
583 1442 665 1503 hanc
685 1464 755 1504 rem
777 1440 896 1503 dictum
920 1440 1012 1502 elle'’
1031 1450 1063 1502 et
1078 1440 1187 1524 qmsq.

76 1538 131 1604 Cf.
145 1537 271 1602 Comm.
284 1539 319 1599 in
331 1537 444 1635 Psalrn.
457 1543 520 1603 vol.
534 1540 654 1619 II,¹526
669 1545 711 1627 sq.
754 1541 885 1628 Itaque,
907 1540 1054 1626 quamvis
1068 1540 1190 1625 ubique

74 1643 228 1723 mysteria
250 1634 406 1719 Origenes
433 1644 642 1722 consectetur,
675 1644 774 1705 libere
801 1655 906 1705 tamen
930 1645 1019 1704 stram
1040 1660 1077 1701 ea
1099 1640 1135 1701 in
1153 1650 1191 1700 re·

76 1743 249 1804 confitetur
266 1740 477 1826 imperitiam,
513 1754 547 1804 et
564 1744 590 1805 si
608 1765 688 1828 quos
711 1741 863 1805 detexisse
882 1744 914 1803 se
933 1752 1023 1826 putat
1042 1738 1192 1821 mysticos

74 1842 202 1921 sensus,
228 1862 285 1904 eos
306 1844 430 1928 semper
447 1865 520 1905 cum
541 1864 657 1924 magna
680 1844 778 1905 animi
796 1844 842 1905 sui
861 1841 1013 1903 modestia
1029 1830 1192 1901 in'tueem

75 1945 209 2030 profert
253 1943 346 2007 ’'Etfi
358 1965 499 2006 mererer
513 1965 618 2023 ego„,
647 1943 752 2028 inquit
770 1946 881 2006 homil.
896 1941 957 2019 XI,
977 1952 993 2005 5
1009 1942 1042 2001 in
1056 1941 1190 2004 Numer.

75 2047 143 2109 vol.
157 2042 201 2123 II,
217 2055 296 2122 308,
317 2044 441 2108 ”hodie
454 2066 606 2125 magnum
622 2045 763 2129 aliquem
782 2055 814 2105 et
831 2047 953 2106 summo
966 2041 1116 2125 pontifice
1136 2036 1193 2101 di·
1236 2112 1239 2119 ¹

73 2166 179 2227 gnum
190 2147 315 2207 sensum
330 2148 493 2232 proferre,
514 2146 559 2207 ita
574 2157 608 2206 ut
623 2146 717 2206 exiis
732 2147 897 2223 omnibus,
926 2160 1008 2227 quae
1028 2139 1192 2223 loquimur

75 2260 113 2313 et
132 2244 305 2325 docemus,
335 2250 413 2310 esset
437 2245 558 2331 aliquid
578 2248 757 2327 egregium,
786 2244 872 2332 quod
890 2248 1014 2306 summo
1037 2237 1192 2302 sacerdoti

75 2351 204 2437 placere
216 2347 364 2425 deberet,
383 2358 507 2432 poterat
521 2350 649 2409 sortasse
664 2347 750 2426 fieri,
776 2360 812 2409 ot
825 2348 974 2427 angelus,
1002 2341 1057 2426 qui
1070 2342 1192 2425 praecii

75 2452 246 2527 eeclesiae,
277 2469 319 2511 ex
340 2449 489 2519 omnibus
509 2445 601 2511 dictie
621 2448 735 2510 nostris
753 2449 885 2527 eligeret
903 2440 1040 2530 aliquid,
1067 2451 1101 2503 et
1119 2440 1191 2503 loco

74 2554 292 2642 primitiarum
314 2547 446 2611 domino
464 2546 505 2610 de
525 2551 629 2630 agello
650 2547 753 2613 cordis
772 2549 838 2611 mei
860 2547 997 2609 offerret.
1044 2538 1110 2604 Sed
1130 2560 1191 2620 ego

75 2674 133 2719 me
146 2653 208 2719 scio
225 2674 290 2715 non
302 2649 438 2727 mereri,
460 2669 518 2714 uec
534 2650 674 2713 conscius
687 2652 756 2713 sum
769 2646 868 2726 milii,
895 2642 983 2730 quod
999 2643 1070 2705 talis
1086 2643 1193 2704 senius

76 2754 306 2820 inveniaturin
322 2773 393 2830 me,
414 2772 512 2836 quem
527 2749 660 2831 dignum
673 2748 792 2827 judicet
805 2749 956 2829 angelos,
984 2744 1039 2829 qui
1053 2763 1114 2807 noe
1128 2762 1193 2805 ex-

77 2857 172 2936 colit,
196 2855 311 2917 offerre
329 2874 387 2937 pro
406 2852 557 2937 primitiis
569 2852 623 2912 vel
635 2873 692 2935 pro
704 2849 925 2943 primogenitis
938 2844 1079 2906 domino.
1122 2840 1193 2905 At-

77 2978 144 3044 que
163 2956 286 3018 utinam
305 2956 370 3017 tale
392 2955 448 3033 sit,
473 2950 561 3039 quod
579 2952 741 3037 loquimur
760 2962 793 3013 et
811 2947 979 3023 docemus,
1007 2955 1043 3007 ut
1055 2963 1121 3005 non
1133 2963 1194 3028 pro

74 3058 186 3125 verbis
205 3056 319 3120 nostrie
344 3051 549 3118 condemnari
568 3071 759 3115 mereamur.
814 3047 982 3113 Sufficeret
999 3042 1094 3106 nobie
1112 3042 1193 3106 haec

74 3160 189 3242 gratim
199 3206 220 3238 „
270 3158 437 3221 Praeterea
457 3154 587 3235 insignis
600 3172 638 3215 ee
654 3149 696 3212 de
711 3171 746 3213 re
759 3151 848 3211 loena
862 3149 962 3211 exstat
977 3145 1065 3205 hom.
1079 3138 1107 3222 I,
1124 3156 1139 3209 t
1157 3143 1194 3205 in

77 3257 186 3327 Exod.
199 3261 263 3322 rol.
276 3256 320 3340 ΙΙ,
339 3272 418 3327 129ι
445 3258 465 3291 '’
473 3257 509 3320 Si
521 3255 650 3333 mihi„,
672 3253 734 3331 ait,
759 3247 935 3311 ”dominus
950 3241 1123 3309 concedere
1138 3241 1195 3305 di-

74 3373 230 3446 gnaretur
242 3359 392 3446 spiritalis
405 3359 613 3439 agriculturae
627 3351 843 3437 disciplinam,
863 3347 888 3411 li
902 3346 1050 3433 peritiam
1067 3339 1197 3407 colendi

76 3465 163 3527 narie
175 3460 327 3540 donaret,
349 3482 434 3525 unue
448 3462 550 3522 sermo
566 3453 689 3531 exhie,
710 3469 793 3538 quae
805 3448 934 3513 recitata
947 3451 1035 3522 lunt,
1065 3442 1100 3505 in
1117 3450 1196 3503 tan-

76 3574 150 3628 tum
171 3566 274 3648 posset
292 3563 388 3644 longe
408 3564 537 3646 lateque
556 3550 709 3631 diffundi,
736 3552 885 3619 litamen
895 3561 929 3612 et
942 3545 1125 3610 auditorum
1136 3560 1195 3604 ea-

75 3667 200 3754 pecitee
219 3666 351 3743 sineret,
380 3661 495 3724 utrix
515 3656 608 3720 nobie
627 3651 669 3719 ad
689 3650 915 3739 explicandum
936 3646 1091 3711 sufficeret
1115 3636 1252 3763 ‘Mt

69 3764 294 3831 -Temabimuc
308 3776 418 3827 tamen
432 3782 491 3847 pro
504 3757 627 3821 viribus
642 3752 754 3827 nostris
766 3753 871 3840 aliqua
885 3749 1048 3823 disserere,
1071 3741 1197 3821 etiamsi

69 3878 188 3954 ¹doque
207 3865 302 3929 nobie
321 3865 468 3927 universa
488 3859 666 3944 explicare,
700 3874 807 3943 neque
833 3850 925 3917 vobis
950 3854 1062 3909 cuncta
1084 3838 1196 3905 audire

69 3969 228 4058 possibile
246 3967 309 4030 est:
339 3965 413 4052 qnia
435 3973 469 4027 et
487 3964 550 4025 hoc
574 3959 679 4049 ipsum
699 3957 887 4038 agnoscere,
916 3966 981 4033 quo
1002 3940 1092 4030 supra
1109 3942 1197 4005 vireo

10 4070 14 4087 '
76 4073 207 4137 nostrae
234 4068 273 4132 stt
302 4068 420 4132 horum
446 4062 593 4144 scientia,
625 4080 691 4127 nou
719 4073 837 4145 parm
860 4047 993 4127 &rbitror
1019 4047 1083 4111 elle
1104 4041 1197 4133 peri-

75 4177 184 4255 ιί*θυι

1085 4514 1088 4519 ,
1121 4368 1208 4502 r'
