2572 4770
552 223 731 314 Origenea.
790 228 798 243 ⁴
1098 227 1195 297 -ttt

88 404 151 471 dae
170 415 203 471 et
220 404 332 470 tertiae
346 414 379 468 et
392 414 522 492 quartae
536 404 685 493 nuptiae,
714 414 751 468 ut
765 400 806 467 de
820 401 966 491 pluribus
981 415 1121 484 taceam,
1142 424 1201 469 re·
1222 466 1236 501 ,

87 507 272 594 pariuntur,
305 518 339 570 et
368 528 434 570 non
456 507 659 588 ignoramus,
696 501 783 599 qpod
804 505 869 567 tale
891 507 1073 597 conjugium
1096 506 1201 586 ejiciet

87 628 149 673 nos
170 606 212 670 de
230 628 330 690 regno
349 606 422 671 Dei.
478 605 566 671 Sicut
591 606 679 669 enim
701 607 740 667 ab
759 602 971 670 ecclefialticia
993 605 1201 688 dignitatibus

52 706 54 717 '
87 728 155 771 non
171 709 279 773 'lulum
299 708 486 784 fornicatio,
511 706 567 770 led
587 719 621 771 et
637 708 767 793 nuptiae
786 705 964 792 repellunt,
992 707 1202 794 nequeenim

87 809 269 894 episcopua,
297 829 357 871 nec
376 809 558 894 presbyter,
586 829 645 871 nec
665 806 817 872 diaconus
831 809 959 893 poliunt
980 810 1042 870 elle
1063 805 1201 890 digami3

87 911 130 975 stc
146 909 276 992 ‚forlitan
297 921 332 972 et
352 907 393 972 de
415 921 507 972 coetu
526 908 762 996 primitivorum
784 908 1124 995 immaculatorumque
1141 928 1202 971 ee-

88 1009 218 1088 clesiae,
253 1020 336 1096 quae
362 1010 545 1073 nonhabet
565 1009 740 1089 maculam,
771 1028 876 1095 neque
898 1028 1028 1090 rugam,
1058 1010 1202 1090 ejicietur
1229 1062 1232 1067 .

87 1107 262 1190 digamus,
282 1130 430 1197 nonque
451 1110 485 1174 in
504 1121 669 1175 aeternum
686 1111 830 1173 mittatur
838 1108 1040 1192 incendium,
1069 1109 1124 1174 led
1137 1133 1201 1198 quo

85 1221 212 1299 portem
238 1231 304 1272 non
325 1212 443 1274 habeat
460 1210 494 1273 in
509 1230 609 1292 regno
621 1211 693 1276 Dei.
712 1257 724 1275 .
772 1210 854 1274 Puto
873 1211 959 1273 enim
971 1231 1201 1291 monogamum

86 1321 122 1373 et
134 1310 308 1391 uirginem,
331 1323 453 1374 etcum
467 1312 522 1398 qui
538 1310 770 1378 in'caltimonia
783 1311 978 1396 perseverat,
1007 1315 1069 1385 elle
1088 1310 1129 1393 de
1144 1332 1203 1375 ec,-

87 1413 182 1474 clelia
203 1411 283 1491 Dei,
311 1430 388 1475 eum
403 1432 499 1491 vero,
530 1412 585 1498 qui
602 1413 641 1474 fit
662 1410 827 1492 digamus,
854 1411 929 1473 licet
949 1413 1066 1474 bonam
1084 1412 1202 1474 habeat

41 1512 44 1519 '
88 1514 378 1591 conversationem,
406 1525 441 1576 et
455 1512 568 1575 ceteris
580 1511 751 1576 virtutibus
765 1512 905 1598 polleat,
933 1523 1120 1583 tamennon
1138 1515 1202 1574 elle

88 1613 130 1695 de
148 1616 277 1679 ecclelia
296 1626 329 1678 et
351 1611 392 1676 de
412 1634 452 1675 eo
466 1631 620 1690 numero,
649 1612 704 1697 qui
719 1632 785 1675 non
799 1613 919 1677 habent
932 1624 1113 1695 rugam‘aut
1126 1633 1203 1674 rna-

90 1718 195 1778 culam
211 1728 266 1778 aut
283 1711 405 1800 aliquid
422 1708 618 1792 istiusmodi,
646 1710 700 1773 led
722 1713 786 1774 elle
807 1710 848 1774 de
868 1712 1006 1777 secundo
1030 1712 1145 1794 gradu,
1159 1723 1204 1776 et

88 1814 131 1880 de
154 1819 205 1880 hie
228 1817 284 1902 qui
302 1814 453 1876 invocant
469 1833 589 1875 nomen
612 1810 751 1887 domini,
781 1822 813 1874 et
830 1813 885 1897 qui
897 1814 1058 1875 salvantur
1071 1811 1203 1898 quidem

88 1918 124 1980 in
138 1917 269 1980 nomine
282 1915 355 1978 teto
370 1912 500 1992 Christi,
525 1923 852 1998 nequaquam'tameo·
864 1926 1054 1974 coronantur
1066 1917 1105 1975 ab
1122 1935 1171 1975 eo.
1181 1960 1203 1992 „

88 2016 142 2082 De
164 2015 376 2079 adulterio
396 2013 475 2076 haec
495 2014 609 2076 habet:
641 2012 959 2091 ”Quod-lecundum
977 2015 1082 2093 legem
1098 2015 1201 2099 (hom.

41 2111 45 2117 ⁵
88 2117 151 2198 XI,
175 2112 258 2193 tin,
271 2115 378 2181 Lerit.
407 2115 472 2176 vol.
493 2112 535 2192 11,
557 2119 634 2194 248)
660 2114 785 2203 adulter
810 2116 864 2177 vel
885 2113 1027 2176 adultera
1047 2112 1205 2200 praefanti

87 2229 193 2289 morte
214 2216 422 2301 puniebatur,
458 2226 588 2301 propter
607 2217 668 2276 hoc
688 2206 788 2300 ipl'um
811 2212 896 2299 quod
916 2215 1034 2300 peccati
1055 2215 1101 2276 lui
1122 2236 1204 2301 per-

89 2317 164 2380 tulit
189 2337 344 2402 poenam,
379 2326 412 2377 et
439 2317 595 2378 commil'li
618 2316 743 2378 sceleris
765 2316 902 2377 exsolvit
924 2313 1018 2393 digna
1040 2316 1202 2400 supplicia.

89 2416 178 2498 Quid
194 2419 253 2480 erit
268 2420 336 2503 polt
352 2417 447 2495 haec,
478 2414 562 2501 (pund
577 2418 742 2479 animabus
758 2395 869 2476 eorum
883 2415 1013 2477 ultionis
1025 2415 1204 2496 irrrmiueat,
1240 2494 1243 2501 Ι

88 2519 116 2584 fi
141 2519 222 2580 nihil
248 2515 336 2581 aliud
359 2515 587 2603 deliquerrmt?
610 2566 617 2579 .
642 2566 650 2585 .
700 2518 773 2581 Non
792 2515 965 2579 vindicabit
986 2515 1136 2578 dominus
1154 2518 1204 2580 bis

87 2620 124 2683 in
140 2618 173 2681 id
188 2620 309 2705 iplum3
337 2630 527 2702 receperunt
545 2618 632 2679 enim
652 2629 816 2702 peccatum
835 2619 944 2694 ioum,
974 2628 1006 2679 et
1020 2620 1205 2704 consumpta

89 2724 136 2783 est
159 2722 299 2783 criminis
320 2739 434 2803 poena.
489 2717 531 2780 Et
551 2717 624 2779 ideo
647 2719 810 2780 invenitur
835 2720 896 2780 hoc
918 2737 1019 2797 genus
1042 2719 1204 2803 praecepti

89 2843 157 2884 non
174 2817 322 2898 crudele,
351 2821 428 2881 ficut
442 2818 592 2879 haeretici
606 2820 743 2879 allerunt
758 2819 937 2878 accusantes
951 2817 1054 2895 legem
1069 2815 1147 2895 Dei,
1170 2829 1205 2879 et

87 2933 243 3002 negantes
260 2920 296 2983 in
316 2939 354 2980 ea
368 2918 576 2980 humanitatis
590 2916 711 3002 aliquid
727 2917 897 2996 contineri,
925 2914 978 2977 l'ed
990 2915 1121 3000 plenum
1135 2918 1205 2979 mi-

88 3020 274 3099 tericordia,
301 3020 412 3082 iccirco
436 3015 521 3104 quod
542 3038 600 3102 per
617 3018 677 3079 boe
691 3029 877 3103 purgaretur
890 3038 931 3078 ex
947 3015 1082 3102 peccatis
1094 3039 1205 3103 popu-

88 3125 143 3188 lus
166 3120 289 3203 magia}⁸
321 3142 418 3206 quam
439 3116 715 3181 condemnaretur.
771 3104 861 3183 Nunc
884 3139 961 3180 vero
983 3140 1048 3195 non
1067 3120 1206 3183 infertur

88 3245 194 3313 poena
210 3223 351 3309 corpori,
380 3241 440 3283 nec
461 3219 613 3304 purgatio·
627 3220 748 3305 peceati
767 3239 823 3304 per
840 3220 1002 3304 corporale
1015 3221 1205 3306 supplicium

90 3328 227 3404 conltat,
255 3320 308 3407 led
327 3341 385 3408 per
400 3318 650 3407 poenitentiam
679 3339 775 3405 quam
789 3331 897 3382 utrum
914 3321 986 3406 quis
1000 3319 1093 3402 digne
1106 3330 1203 3401 geret,

87 3427 136 3490 ita
154 3438 191 3488 ut
207 3420 324 3487 mereri
337 3444 396 3509 pro
410 3442 448 3483 ea
460 3421 591 3483 veniam
603 3420 713 3506 polfit,
742 3419 892 3500 videto„
941 3420 1121 3485 Divertii
1140 3443 1206 3484 au-

88 3540 159 3591 tem
177 3548 219 3588 an
232 3535 359 3611 praeter
376 3520 571 3585 adulterium
584 3522 674 3582 nulla
689 3520 751 3583 alia
767 3521 830 3584 elle
844 3519 960 3585 debeat
973 3525 1081 3599 caula,
1104 3521 1204 3587 dubi-

88 3640 138 3693 tat
150 3628 190 3693 Τ.
204 3625 299 3706 XIV,
313 3632 353 3691 24
368 3625 402 3686 in
415 3623 529 3687 Matth.
545 3622 609 3685 vol.
623 3619 683 3700 III,
698 3629 770 3688 648.
813 3619 965 3700 „Quaeri
981 3621 1127 3707 potelt'',
1148 3626 1203 3703 ait,

90 3751 161 3810 „an
179 3747 316 3790 uxorem
336 3721 504 3810 repudiare
522 3743 587 3785 non
607 3722 700 3785 liceat
719 3722 810 3786 verbi
830 3706 929 3803 gratia
947 3734 1078 3808 propter
1097 3744 1205 3787 aene-

89 3832 216 3908 ficium,
243 3828 298 3891 vel
321 3822 406 3911 quod
420 3822 577 3885 infantem
595 3824 634 3885 ab
649 3835 784 3909 utroque
800 3825 960 3904 genitum,
989 3824 1058 3886 viro
1071 3845 1203 3909 peregre

89 3928 252 4018 prolecto,
286 3927 498 4004 interfecerit,
531 3925 586 3986 vel
608 3925 649 3986 ob
672 3925 769 4005 aliam
794 3925 969 4011 qirarmibet
991 3921 1141 4005 caedem3
1163 3971 1201 3988 ..

92 4042 180 4095 tante
198 4029 286 4093 enim
305 4028 371 4114 peti
391 4038 424 4090 et
445 4027 581 4088 tolerare
601 4025 738 4105 flagitia,
766 4046 846 4110 quae
861 4022 1020 4087 adulterio
1037 4036 1069 4086 et
1081 4026 1203 4087 [corta-

73 4131 180 4235 Ι,ῐίοιιθ
192 4133 302 4216 pejora
316 4127 434 4192 censeri
442 4138 579 4214 queant,
600 4128 696 4213 plane
709 4148 726 4188 a
740 4126 862 4190 ratione
874 4122 1034 4188 videbitur
1043 4125 1201 4211 alienum
