2572 4770
264 108 415 207 Dionys
414 136 456 185 ua
478 108 682 207 (coastat,
715 110 1002 209 Escbotologsa).
1115 128 1190 196 82³
1225 64 1230 79 ⁸

166 290 412 427 Hastaticop
438 294 561 379 pastam
587 292 793 361 acclesiae
814 296 879 361 assa
899 295 1072 383 Dionysias
1097 313 1198 389 puta-

78 388 146 456 bat.
188 392 283 473 „Ego
297 394 404 457 rero”
409 393 486 474 ,ait
499 390 585 479 apud
598 394 818 459 Eusebiumlr.
834 416 865 461 a.
878 396 954 479 VII,
973 410 1009 479 7,
1028 400 1197 479 „inlibris

78 503 115 555 et
149 493 372 559 traditionibus
404 494 638 557 haereticorum
677 495 902 575 cognoscendis
934 520 1066 586 operam
1092 504 1196 588 posui,

73 589 222 677 χραίνεινν
231 590 294 677 μέν
305 614 373 676 μου
385 614 474 709 προς
488 584 653 678 ὀλίγον
615 615 675 682 τνν
688 590 800 681 ψυχὴν
812 599 886 716 ταῖς
898 591 1111 717 nopprdpocc
1129 595 1196 668 mi-

76 693 145 757 τῶν
165 688 405 780 ἐνθυμήσεων·
435 682 604 778 όνησινό’
626 684 685 759 οὖν
707 685 770 761 ἅττ’
791 687 899 762 αὐτῶν
917 690 1041 819 apciton·
1057 693 1195 781 λαμβά-

76 815 160 871 νων,
186 792 227 861 τὸ
250 791 429 880 ἐξελέγχειν
452 814 574 870 τυτους
597 813 670 879 παρ
673 786 856 881 ’ἔμαυτῷ,
892 798 949 864 καὶ
974 792 1065 863 πολι)
1087 796 1194 869 πλέον

75 887 359 979 βδελύττεσθαι.”
403 896 456 960 Da
469 893 733 977 „heterodoxis”
748 897 887 977 Novati,
915 919 1011 986 quam
1025 901 1195 987 improba·-

75 1010 128 1061 τοι
148 1001 272 1061 necesse
294 1009 378 1078 erat,
406 1018 481 1061 cum
500 996 604 1081 lapsos
625 1017 691 1059 non
710 995 939 1063 condemnaret
954 1001 1010 1081 (cf.
1026 999 1113 1087 quod
1126 1004 1195 1089 ipsa

76 1093 384 1184 dicit·apud·Eussb.
406 1100 440 1162 h.
454 1117 483 1163 e.
497 1094 558 1174 VI,
572 1098 630 1177 42)
653 1093 739 1182 apud
755 1095 869 1162 Euseb.
890 1098 924 1163 h.
939 1120 969 1165 e.
983 1101 1059 1184 v11,
1075 1115 1093 1171 8
1113 1100 1193 1190 quid¹

74 1197 189 1262 santiat
205 1198 350 1264 ostendit.
384 1196 655 1280 „Novatianum”
668 1197 927 1281 (alNovatnm),
940 1200 1063 1289 inquit,
1088 1225 1195 1285 „ma-

74 1300 139 1365 rito
152 1302 350 1379 aversamur,
370 1300 425 1386 qui
441 1296 572 1386 quidem
584 1300 746 1362 ecclesiam
763 1296 904 1379 discidit,
931 1310 964 1363 et
978 1301 1134 1387 quosdam
1149 1324 1194 1371 ex

74 1401 226 1466 fratribus
244 1401 284 1464 ad
302 1401 503 1487 impietatem
516 1400 813 1485 blasphemiamque
828 1398 1001 1485 pertraxit,
1023 1402 1078 1487 qui
1095 1405 1195 1467 ncia-

73 1501 158 1567 riam
176 1501 216 1566 de
229 1502 300 1565 Deo
323 1500 500 1564 doctrinam
518 1499 659 1581 invexit,
685 1514 718 1565 at
730 1501 1007 1565 clementissimum
1024 1500 1195 1577 dominum

74 1607 218 1669 nostrum
235 1604 344 1667 Jcsum
360 1601 519 1666 chritum
531 1602 619 1687 quasi
633 1600 868 1688 implacabilem
882 1600 1110 1685 calumniatur3
1137 1603 1196 1691 qui

73 1716 238 1791 praeterea
252 1705 375 1765 sacrum
391 1701 554 1765 lavacrum
570 1701 717 1764 obliterat
729 1698 893 1784 iidemque
907 1711 941 1762 et
953 1703 1193 1787 consessionem,

72 1825 157 1891 quae
172 1802 367 1888 baptismum
381 1799 593 1885 praecedunt,
616 1800 749 1880 avertit,
769 1811 802 1863 ct
816 1797 961 1885 spiritum
974 1801 1115 1862 sanctum
1128 1823 1195 1888 pe-

71 1905 162 1969 nitus
185 1902 308 1965 abillis
327 1903 435 1982 fugat,
462 1902 615 1965 tamatfi”
638 1898 688 1982 (id
710 1901 827 1964 leniter
847 1897 937 1963 addit
957 1912 990 1964 ct
1009 1897 1106 1981 digne
1119 1900 1191 1967 tiro

71 2003 257 2082 christiano)
278 2001 378 2086 „spes
392 2002 497 2087 aliqua
512 2004 608 2067 sublit
626 2004 681 2067 vel
701 2000 788 2089 quod
799 2002 835 2064 in
850 2002 916 2065 illis
929 1997 1035 2063 adhuc
1049 2013 1191 2085 maneat,

68 2103 128 2173 rol
147 2100 234 2188 quod
253 2100 295 2165 ad
317 2122 374 2165 eos
393 2105 578 2175 reversurus
596 2104 673 2169 sit.”
719 2100 841 2169 Literir
858 2112 967 2165 autem
985 2097 1027 2163 ad
1046 2100 1192 2179 „Nora-

69 2203 171 2284 trim”
196 2200 279 2265 datia
298 2200 530 2289 (apudliusab.
546 2205 582 2269 ir.
594 2224 625 2270 e.
639 2202 700 2281 vl,
714 2204 771 2281 ta)
793 2202 874 2266 haec
892 2202 991 2266 rerba
1002 2199 1098 2264 iacit:
1126 2200 1193 2283 „Si

71 2301 206 2391 quidem
217 2300 363 2383 inritus,
384 2315 421 2369 ut
438 2305 563 2385 asseris,
583 2326 624 2369 co
640 2301 862 2381 adducturos,
887 2300 923 2365 id
937 2301 1029 2366 nobis
1042 2302 1192 2371 ostendes

70 2416 128 2489 tua
140 2406 252 2490 sponte
265 2400 442 2469 redeundo.
482 2403 591 2473 Satius
604 2402 737 2490 quidem
751 2404 873 2483 suerat„
901 2400 1029 2488 quidvis
1040 2396 1124 2489 pati,
1146 2424 1192 2469 na

70 2505 200 2575 ecclesia
218 2502 283 2567 Dei
305 2502 542 2575 discinderetur.
588 2506 669 2572 -Ncc
690 2503 798 2581 minus
817 2502 989 2583 gloriosum
1011 2496 1120 2567 suisset
1139 2505 1193 2569 io-

70 2608 154 2677 circo
170 2606 273 2670 subire
285 2594 496 2686 martyrium,
521 2628 564 2671 ne
584 2607 751 2671 ecclesiam
768 2601 947 2682 scinderes,
974 2622 1071 2690 quam
1090 2615 1127 2667 ut
1146 2626 1192 2671 na

66 2706 166 2786 idolis
189 2706 390 2785 sacrificatas.
447 2702 519 2771 Imo
543 2704 627 2771 illud
644 2726 720 2783 meo
743 2702 877 2790 quidem
896 2701 1015 2783 judicio
1034 2703 1190 2775 illustrius

67 2809 195 2888 stillim
221 2805 274 2869 bic
292 2804 380 2869 enim
399 2826 458 2890 pro
475 2808 531 2871 sua
544 2806 641 2869 unius
653 2803 778 2882 anima,
798 2803 866 2867 illic
878 2824 937 2890 pro
952 2803 1042 2866 omni
1055 2805 1187 2895 ecclesia

67 2908 259 2993 martyrium
279 2907 351 2994 quis
368 2907 513 2970 sustinet.
560 2903 597 2970 Si
617 2916 726 2969 tamen
745 2906 800 2967 vel
813 2926 898 2969 nunc
911 2906 1100 2990 persuaseris
1114 2909 1191 2972 sra-

66 3008 173 3083 tribua
189 3021 245 3071 aut
257 3028 314 3071 eus
328 3006 485 3087 coligaria,
507 3016 544 3069 ut
555 3001 596 3068 ad
610 3001 813 3068 concordiam
826 3003 976 3083 redeant,
1002 3010 1110 3086 majus
1129 3006 1189 3083 tibi

66 3109 222 3189 meritum
234 3110 314 3189 erit,
336 3128 432 3195 quatu
446 3108 552 3194 crtlpa.
590 3103 632 3169 Et
646 3107 725 3169 baec
740 3103 873 3190 quidem
888 3126 955 3170 nnn
965 3106 1188 3193 imputabitur,

65 3208 151 3279 iilud
162 3230 241 3273 roro
253 3208 499 3297 praedicabitur.
547 3202 672 3286 Quodsi
683 3204 832 3269 fratribus
843 3226 957 3291 parere
970 3211 1188 3289 recusantibus

64 3308 103 3384 id
113 3308 240 3375 afficere
253 3332 320 3374 non
332 3321 562 3397 poleflr·.,tt¹‚¹m
580 3305 647 3393 ipse
660 3305 801 3373 animam
811 3307 912 3373 serva.
961 3307 1050 3396 Opto
1065 3322 1101 3373 ut
1114 3305 1188 3397 paci

65 3408 198 3491 studens
210 3412 246 3475 iu
259 3408 391 3477 domino
403 3412 487 3477 bane
499 3410 619 3477 valam.
628 3407 649 3442 ”

467 3586 773 3679 Esobntologr'n.

148 3710 340 3781 &affictam
358 3710 408 3779 da
426 3735 552 3796 ragno
570 3711 722 3779 Christi
741 3708 983 3775 millenario
1003 3705 1185 3773 doctrinam

62 3788 263 3895 Dionysius
252 3816 463 3903 impugnavit.
498 3815 627 3901 Scripsit
640 3813 730 3877 enim
745 3812 788 3878 de
799 3808 1087 3878 sententiaEusebii
1104 3810 1138 3871 lr.
1151 3828 1183 3873 e.

62 3911 143 3994 Vll,
159 3914 223 3981 at·
213 3919 305 3993 tuitio
317 3930 484 4007 propterea
496 3927 603 3983 contra
617 3913 793 4001 Nepotem,
822 3909 963 3998 „quod
952 3929 982 3972 rs
998 3908 1185 3994 promisb'o-

62 4033 124 4078 ιιοι
142 4015 257 4081 sanctis
273 4018 459 4086 bominibus
483 4015 623 4083 factas
611 4036 648 4079 ιιι
671 4012 791 4078 divinia
814 4009 1032 4087 voluminibus
1057 4008 1186 4095 judaia,

718 4112 796 4182 Χῖ
