<?xml version="1.0" encoding="UTF-8"?>
<!DOCTYPE html PUBLIC "-//W3C//DTD XHTML 1.0 Transitional//EN"
    "http://www.w3.org/TR/xhtml1/DTD/xhtml1-transitional.dtd">
<html xmlns="http://www.w3.org/1999/xhtml" xml:lang="en" lang="en">
 <head>
  <title>
</title>
<meta http-equiv="Content-Type" content="text/html;charset=utf-8" />
  <meta name='ocr-system' content='tesseract 3.04.00' />
  <meta name='ocr-capabilities' content='ocr_page ocr_carea ocr_par ocr_line ocrx_word'/>
</head>
<body>
  <div class='ocr_page' id='page_1' title='image "./descholaquaeale00guergoog/descholaquaeale00guergoog_0254.png"; bbox 0 0 2572 4770; ppageno 0'>
   <div class='ocr_carea' id='block_1_1' title="bbox 296 164 1215 326">
    <p class='ocr_par' dir='ltr' id='par_1_1' title="bbox 296 164 1215 326">
     <span class='ocr_line' id='line_1_1' title="bbox 296 164 1215 326; baseline -0.001 -20"><span class='ocrx_word' id='word_1_1' title='bbox 296 235 502 307; x_wconf 82' lang='lat' dir='ltr'>Pantaenua</span> <span class='ocrx_word' id='word_1_2' title='bbox 524 230 695 326; x_wconf 58' lang='lat' dir='ltr'>(maeel).</span> <span class='ocrx_word' id='word_1_3' title='bbox 747 232 914 304; x_wconf 68' lang='lat' dir='ltr'>clemona.</span> <span class='ocrx_word' id='word_1_4' title='bbox 1089 240 1162 307; x_wconf 77' lang='lat'><strong><em>107</em></strong></span> <span class='ocrx_word' id='word_1_5' title='bbox 1193 164 1215 189; x_wconf 75' lang='lat'><strong><em>&#39;⁴</em></strong></span> 
     </span>
    </p>
   </div>
   <div class='ocr_carea' id='block_1_2' title="bbox 9 404 1276 4246">
    <p class='ocr_par' dir='ltr' id='par_1_2' title="bbox 49 404 1276 2724">
     <span class='ocr_line' id='line_1_2' title="bbox 49 404 1234 501; baseline -0.001 -22"><span class='ocrx_word' id='word_1_6' title='bbox 49 404 155 501; x_wconf 76' lang='grc' dir='ltr'><strong><em>σοφία</em></strong></span> <span class='ocrx_word' id='word_1_7' title='bbox 173 432 237 498; x_wconf 90' lang='grc' dir='ltr'><strong><em>την</em></strong></span> <span class='ocrx_word' id='word_1_8' title='bbox 256 404 367 477; x_wconf 82' lang='grc' dir='ltr'><strong><em>ἀΐδιον</em></strong></span> <span class='ocrx_word' id='word_1_9' title='bbox 385 405 550 499; x_wconf 69' lang='grc' dir='ltr'><strong><em>ἀληθειαν</em></strong></span> <span class='ocrx_word' id='word_1_10' title='bbox 561 405 737 499; x_wconf 88' lang='grc' dir='ltr'><strong><em>παραγμόν</em></strong></span> <span class='ocrx_word' id='word_1_11' title='bbox 748 432 842 485; x_wconf 84' lang='grc' dir='ltr'><strong><em>τινα,</em></strong></span> <span class='ocrx_word' id='word_1_12' title='bbox 864 404 979 497; x_wconf 77' lang='grc' dir='ltr'><strong><em>αὐτῆς</em></strong></span> <span class='ocrx_word' id='word_1_13' title='bbox 993 406 1164 478; x_wconf 76' lang='grc' dir='ltr'><em>Διονύσου</em></span> <span class='ocrx_word' id='word_1_14' title='bbox 1231 428 1234 433; x_wconf 84' lang='grc'><strong>’</strong></span> 
     </span>
     <span class='ocr_line' id='line_1_3' title="bbox 49 500 1165 599; baseline -0.001 -20"><span class='ocrx_word' id='word_1_15' title='bbox 49 510 276 599; x_wconf 70' lang='grc' dir='ltr'><em>μυθολογίας,</em></span> <span class='ocrx_word' id='word_1_16' title='bbox 304 513 364 597; x_wconf 75' lang='grc' dir='ltr'><strong><em>τῆς</em></strong></span> <span class='ocrx_word' id='word_1_17' title='bbox 387 514 423 578; x_wconf 74' lang='grc' dir='ltr'><strong><em>δι’·</em></strong></span> <span class='ocrx_word' id='word_1_18' title='bbox 442 514 504 578; x_wconf 83' lang='grc' dir='ltr'><strong><em>τοῦ</em></strong></span> <span class='ocrx_word' id='word_1_19' title='bbox 524 507 625 597; x_wconf 86' lang='grc' dir='ltr'><strong><em>λόγον</em></strong></span> <span class='ocrx_word' id='word_1_20' title='bbox 642 516 703 578; x_wconf 84' lang='grc' dir='ltr'><strong><em>τοῦ</em></strong></span> <span class='ocrx_word' id='word_1_21' title='bbox 724 500 819 587; x_wconf 81' lang='grc' dir='ltr'><strong><em>ίίντος</em></strong></span> <span class='ocrx_word' id='word_1_22' title='bbox 832 507 886 577; x_wconf 79' lang='grc' dir='ltr'><strong><em>ἀεὶ</em></strong></span> <span class='ocrx_word' id='word_1_23' title='bbox 901 510 1082 597; x_wconf 87' lang='grc' dir='ltr'><strong><em>θειιλογίας</em></strong></span> <span class='ocrx_word' id='word_1_24' title='bbox 1097 536 1165 577; x_wconf 87' lang='grc' dir='ltr'><strong><em>πε-</em></strong></span> 
     </span>
     <span class='ocr_line' id='line_1_4' title="bbox 51 608 1166 701; baseline 0.002 -24"><span class='ocrx_word' id='word_1_25' title='bbox 51 608 209 701; x_wconf 86' lang='grc' dir='ltr'><strong><em>ποίηται·</em></strong></span> <span class='ocrx_word' id='word_1_26' title='bbox 244 616 312 677; x_wconf 89' lang='lat' dir='ltr'><strong><em>imo</em></strong></span> <span class='ocrx_word' id='word_1_27' title='bbox 332 613 395 677; x_wconf 90' lang='lat' dir='ltr'>Str.</span> <span class='ocrx_word' id='word_1_28' title='bbox 412 614 439 692; x_wconf 90' lang='grc' dir='ltr'><strong><em>Ι,</em></strong></span> <span class='ocrx_word' id='word_1_29' title='bbox 462 628 490 692; x_wconf 89' lang='grc'><strong><em>7,</em></strong></span> <span class='ocrx_word' id='word_1_30' title='bbox 512 626 570 681; x_wconf 78' lang='grc'><strong><em>837</em></strong></span> <span class='ocrx_word' id='word_1_31' title='bbox 599 614 714 687; x_wconf 64' lang='lat' dir='ltr'><strong><em>dicim·¹</em></strong></span> <span class='ocrx_word' id='word_1_32' title='bbox 723 610 947 699; x_wconf 73' lang='grc' dir='ltr'><strong><em>Φιλοσοφίαν</em></strong></span> <span class='ocrx_word' id='word_1_33' title='bbox 973 614 1011 679; x_wconf 77' lang='grc' dir='ltr'><strong><em>δὲ</em></strong></span> <span class='ocrx_word' id='word_1_34' title='bbox 1038 608 1077 679; x_wconf 80' lang='grc' dir='ltr'><strong><em>οὐ</em></strong></span> <span class='ocrx_word' id='word_1_35' title='bbox 1103 610 1166 701; x_wconf 77' lang='grc' dir='ltr'><strong><em>τὴν</em></strong></span> 
     </span>
     <span class='ocr_line' id='line_1_5' title="bbox 51 705 1166 802; baseline 0.005 -27"><span class='ocrx_word' id='word_1_36' title='bbox 51 708 206 800; x_wconf 76' lang='grc' dir='ltr'><strong><em>Στωῖιιην</em></strong></span> <span class='ocrx_word' id='word_1_37' title='bbox 219 712 322 799; x_wconf 86' lang='grc' dir='ltr'><strong><em>λέγω,</em></strong></span> <span class='ocrx_word' id='word_1_38' title='bbox 345 708 423 778; x_wconf 80' lang='grc' dir='ltr'><strong><em>οὐδὲ</em></strong></span> <span class='ocrx_word' id='word_1_39' title='bbox 441 711 499 801; x_wconf 77' lang='grc' dir='ltr'><strong><em>την</em></strong></span> <span class='ocrx_word' id='word_1_40' title='bbox 515 710 748 799; x_wconf 67' lang='grc' dir='ltr'><strong><em>Πλατωνικὴν,</em></strong></span> <span class='ocrx_word' id='word_1_41' title='bbox 775 705 795 799; x_wconf 80' lang='grc' dir='ltr'><strong><em>ἢ</em></strong></span> <span class='ocrx_word' id='word_1_42' title='bbox 814 709 872 797; x_wconf 77' lang='grc' dir='ltr'><strong><em>την</em></strong></span> <span class='ocrx_word' id='word_1_43' title='bbox 884 708 1115 802; x_wconf 71' lang='grc' dir='ltr'><strong><em>Ἐπικούρειον</em></strong></span> <span class='ocrx_word' id='word_1_44' title='bbox 1127 736 1166 781; x_wconf 81' lang='grc' dir='ltr'><strong><em>τε</em></strong></span> 
     </span>
     <span class='ocr_line' id='line_1_6' title="bbox 53 806 1166 903; baseline 0.004 -26"><span class='ocrx_word' id='word_1_45' title='bbox 53 806 410 900; x_wconf 75' lang='grc' dir='ltr'><strong><em>καῖ’Λριστοτελινην·</em></strong></span> <span class='ocrx_word' id='word_1_46' title='bbox 447 808 522 878; x_wconf 82' lang='grc' dir='ltr'><strong><em>ἀλλ’</em></strong></span> <span class='ocrx_word' id='word_1_47' title='bbox 544 811 607 879; x_wconf 79' lang='grc' dir='ltr'><strong><em>ὅσα</em></strong></span> <span class='ocrx_word' id='word_1_48' title='bbox 627 807 759 900; x_wconf 71' lang='grc' dir='ltr'><strong><em>εἴρηται</em></strong></span> <span class='ocrx_word' id='word_1_49' title='bbox 780 806 864 900; x_wconf 78' lang='grc' dir='ltr'><strong><em>παρ’</em></strong></span> <span class='ocrx_word' id='word_1_50' title='bbox 886 806 1008 903; x_wconf 74' lang='grc' dir='ltr'><strong><em>ἑκάστη</em></strong></span> <span class='ocrx_word' id='word_1_51' title='bbox 1024 816 1090 880; x_wconf 86' lang='grc' dir='ltr'><strong><em>τῶν</em></strong></span> <span class='ocrx_word' id='word_1_52' title='bbox 1105 814 1166 883; x_wconf 79' lang='grc' dir='ltr'><strong><em>αἶ-</em></strong></span> 
     </span>
     <span class='ocr_line' id='line_1_7' title="bbox 53 905 1168 1005; baseline 0.004 -27"><span class='ocrx_word' id='word_1_53' title='bbox 53 909 182 999; x_wconf 82' lang='grc' dir='ltr'><strong><em>ρέσεων</em></strong></span> <span class='ocrx_word' id='word_1_54' title='bbox 205 906 334 978; x_wconf 81' lang='grc' dir='ltr'><strong><em>τούτων</em></strong></span> <span class='ocrx_word' id='word_1_55' title='bbox 359 914 485 991; x_wconf 84' lang='grc' dir='ltr'><strong><em>καλῶς,</em></strong></span> <span class='ocrx_word' id='word_1_56' title='bbox 521 908 735 1001; x_wconf 81' lang='grc' dir='ltr'><strong><em>δικαιοσύνην</em></strong></span> <span class='ocrx_word' id='word_1_57' title='bbox 750 905 826 993; x_wconf 80' lang='grc' dir='ltr'><strong><em>μετ’</em></strong></span> <span class='ocrx_word' id='word_1_58' title='bbox 846 909 1002 995; x_wconf 80' lang='grc' dir='ltr'><strong><em>εὐσεβοῦς</em></strong></span> <span class='ocrx_word' id='word_1_59' title='bbox 1022 912 1168 1005; x_wconf 75' lang='grc' dir='ltr'><strong><em>ἐπιστή-</em></strong></span> 
     </span>
     <span class='ocr_line' id='line_1_8' title="bbox 52 1008 1264 1103; baseline -0.002 -22"><span class='ocrx_word' id='word_1_60' title='bbox 52 1008 387 1101; x_wconf 77' lang='grc' dir='ltr'><strong><em>μηςέκδιδάσκοντα,</em></strong></span> <span class='ocrx_word' id='word_1_61' title='bbox 412 1016 512 1079; x_wconf 84' lang='grc' dir='ltr'><strong><em>τοῦτο</em></strong></span> <span class='ocrx_word' id='word_1_62' title='bbox 534 1010 670 1097; x_wconf 81' lang='grc' dir='ltr'><em>σύμπαν</em></span> <span class='ocrx_word' id='word_1_63' title='bbox 689 1009 728 1077; x_wconf 86' lang='grc' dir='ltr'><strong><em>τὸ</em></strong></span> <span class='ocrx_word' id='word_1_64' title='bbox 750 1010 938 1080; x_wconf 80' lang='grc' dir='ltr'><strong><em>ἕκλεκτινὸν</em></strong></span> <span class='ocrx_word' id='word_1_65' title='bbox 957 1015 1166 1103; x_wconf 79' lang='grc' dir='ltr'><strong><em>φιλοσοφίαν</em></strong></span> <span class='ocrx_word' id='word_1_66' title='bbox 1259 1070 1264 1079; x_wconf 95' lang='grc'>.</span> 
     </span>
     <span class='ocr_line' id='line_1_9' title="bbox 55 1106 1170 1203; baseline 0.004 -25"><span class='ocrx_word' id='word_1_67' title='bbox 55 1110 160 1201; x_wconf 73' lang='grc' dir='ltr'><strong><em>φημί·</em></strong></span> <span class='ocrx_word' id='word_1_68' title='bbox 190 1109 255 1181; x_wconf 81' lang='grc' dir='ltr'><strong><em>ὅσα</em></strong></span> <span class='ocrx_word' id='word_1_69' title='bbox 274 1115 311 1183; x_wconf 84' lang='grc' dir='ltr'><strong><em>δὲ</em></strong></span> <span class='ocrx_word' id='word_1_70' title='bbox 329 1110 551 1201; x_wconf 86' lang='grc' dir='ltr'><strong><em>ἀνθρωπίνων</em></strong></span> <span class='ocrx_word' id='word_1_71' title='bbox 569 1106 739 1200; x_wconf 79' lang='grc' dir='ltr'><strong><em>λογισμῶν</em></strong></span> <span class='ocrx_word' id='word_1_72' title='bbox 752 1107 997 1196; x_wconf 75' lang='grc' dir='ltr'><strong><em>ἀποτεμόμενοι</em></strong></span> <span class='ocrx_word' id='word_1_73' title='bbox 1014 1112 1170 1203; x_wconf 84' lang='grc' dir='ltr'><strong><em>παρεχά-</em></strong></span> 
     </span>
     <span class='ocr_line' id='line_1_10' title="bbox 54 1204 1268 1309; baseline 0.006 -29"><span class='ocrx_word' id='word_1_74' title='bbox 54 1214 177 1303; x_wconf 84' lang='grc' dir='ltr'><strong><em>ραξαν,</em></strong></span> <span class='ocrx_word' id='word_1_75' title='bbox 199 1218 305 1281; x_wconf 87' lang='grc' dir='ltr'><strong><em>ταῦτα</em></strong></span> <span class='ocrx_word' id='word_1_76' title='bbox 318 1213 378 1282; x_wconf 81' lang='grc' dir='ltr'><strong><em>οὐκ</em></strong></span> <span class='ocrx_word' id='word_1_77' title='bbox 392 1207 432 1280; x_wconf 75' lang='lat' dir='ltr'><strong><em>siv</em></strong></span> <span class='ocrx_word' id='word_1_78' title='bbox 448 1238 531 1282; x_wconf 92' lang='grc' dir='ltr'><strong><em>ποτε</em></strong></span> <span class='ocrx_word' id='word_1_79' title='bbox 545 1218 626 1279; x_wconf 85' lang='grc' dir='ltr'><strong><em>θεῖα</em></strong></span> <span class='ocrx_word' id='word_1_80' title='bbox 640 1208 770 1297; x_wconf 73' lang='grc' dir='ltr'><strong><em>εἴποιμ’</em></strong></span> <span class='ocrx_word' id='word_1_81' title='bbox 784 1204 834 1279; x_wconf 79' lang='grc' dir='ltr'><strong><em>ἀν.</em></strong></span> <span class='ocrx_word' id='word_1_82' title='bbox 884 1217 1088 1309; x_wconf 74' lang='lat' dir='ltr'><strong>Philosophia</strong></span> <span class='ocrx_word' id='word_1_83' title='bbox 1102 1244 1171 1285; x_wconf 70' lang='lat' dir='ltr'><strong><em>au-</em></strong></span> <span class='ocrx_word' id='word_1_84' title='bbox 1265 1282 1268 1287; x_wconf 89' lang='lat'><em>.</em></span> 
     </span>
     <span class='ocr_line' id='line_1_11' title="bbox 55 1306 1270 1404; baseline 0.01 -24"><span class='ocrx_word' id='word_1_85' title='bbox 55 1330 123 1383; x_wconf 88' lang='lat' dir='ltr'><strong><em>tem</em></strong></span> <span class='ocrx_word' id='word_1_86' title='bbox 143 1319 212 1383; x_wconf 86' lang='lat' dir='ltr'>live</span> <span class='ocrx_word' id='word_1_87' title='bbox 225 1321 386 1384; x_wconf 87' lang='lat' dir='ltr'>Platonica</span> <span class='ocrx_word' id='word_1_88' title='bbox 408 1324 471 1383; x_wconf 86' lang='lat' dir='ltr'>live</span> <span class='ocrx_word' id='word_1_89' title='bbox 493 1322 638 1383; x_wconf 86' lang='lat' dir='ltr'>eclectico</span> <span class='ocrx_word' id='word_1_90' title='bbox 662 1318 709 1401; x_wconf 88' lang='lat' dir='ltr'><strong><em>(id</em></strong></span> <span class='ocrx_word' id='word_1_91' title='bbox 728 1316 814 1404; x_wconf 91' lang='lat' dir='ltr'>quod</span> <span class='ocrx_word' id='word_1_92' title='bbox 827 1322 891 1397; x_wconf 85' lang='lat' dir='ltr'><strong><em>jam</em></strong></span> <span class='ocrx_word' id='word_1_93' title='bbox 904 1340 924 1381; x_wconf 87' lang='lat' dir='ltr'><strong><em>e</em></strong></span> <span class='ocrx_word' id='word_1_94' title='bbox 940 1325 1018 1386; x_wconf 90' lang='lat' dir='ltr'>locis</span> <span class='ocrx_word' id='word_1_95' title='bbox 1033 1324 1169 1393; x_wconf 76' lang='lat' dir='ltr'>laudatis</span> <span class='ocrx_word' id='word_1_96' title='bbox 1262 1306 1270 1403; x_wconf 47' lang='grc' dir='ltr'><strong><em>ς’</em></strong></span> 
     </span>
     <span class='ocr_line' id='line_1_12' title="bbox 54 1418 1269 1507; baseline 0.008 -26"><span class='ocrx_word' id='word_1_97' title='bbox 54 1420 264 1501; x_wconf 76' lang='lat' dir='ltr'>intelligitur)</span> <span class='ocrx_word' id='word_1_98' title='bbox 292 1420 331 1482; x_wconf 89' lang='lat' dir='ltr'><strong><em>ad</em></strong></span> <span class='ocrx_word' id='word_1_99' title='bbox 358 1420 555 1507; x_wconf 77' lang='lat' dir='ltr'>probandam</span> <span class='ocrx_word' id='word_1_100' title='bbox 579 1422 719 1507; x_wconf 76' lang='lat' dir='ltr'>aliquam</span> <span class='ocrx_word' id='word_1_101' title='bbox 740 1423 929 1484; x_wconf 85' lang='lat' dir='ltr'>seutentiam</span> <span class='ocrx_word' id='word_1_102' title='bbox 951 1425 997 1484; x_wconf 90' lang='lat' dir='ltr'><strong><em>uti</em></strong></span> <span class='ocrx_word' id='word_1_103' title='bbox 1020 1425 1170 1493; x_wconf 76' lang='lat' dir='ltr'>Clemens</span> <span class='ocrx_word' id='word_1_104' title='bbox 1260 1418 1269 1491; x_wconf 60' lang='lat'><strong><em>:⁵</em></strong></span> 
     </span>
     <span class='ocr_line' id='line_1_13' title="bbox 55 1518 1265 1611; baseline 0.007 -27"><span class='ocrx_word' id='word_1_105' title='bbox 55 1518 308 1608; x_wconf 74' lang='lat' dir='ltr'>haudquaquam</span> <span class='ocrx_word' id='word_1_106' title='bbox 330 1523 450 1605; x_wconf 78' lang='lat' dir='ltr'>voluit3</span> <span class='ocrx_word' id='word_1_107' title='bbox 477 1522 720 1607; x_wconf 71' lang='lat' dir='ltr'>scripturam</span> <span class='ocrx_word' id='word_1_108' title='bbox 747 1524 895 1585; x_wconf 85' lang='lat' dir='ltr'>sacram</span> <span class='ocrx_word' id='word_1_109' title='bbox 920 1525 1059 1611; x_wconf 83' lang='lat' dir='ltr'>potius</span> <span class='ocrx_word' id='word_1_110' title='bbox 1082 1530 1196 1593; x_wconf 85' lang='lat' dir='ltr'>veri&#39;</span> <span class='ocrx_word' id='word_1_111' title='bbox 1260 1536 1265 1547; x_wconf 90' lang='lat'>&#39;</span> 
     </span>
     <span class='ocr_line' id='line_1_14' title="bbox 54 1622 1170 1707; baseline 0.009 -21"><span class='ocrx_word' id='word_1_112' title='bbox 54 1625 221 1686; x_wconf 78' lang='lat' dir='ltr'>sontem</span> <span class='ocrx_word' id='word_1_113' title='bbox 253 1623 432 1701; x_wconf 84' lang='lat' dir='ltr'>agnovit.</span> <span class='ocrx_word' id='word_1_114' title='bbox 484 1622 710 1707; x_wconf 85' lang='lat' dir='ltr'>„Principium</span> <span class='ocrx_word' id='word_1_115' title='bbox 733 1622 940 1704; x_wconf 87' lang='lat' dir='ltr'>doctrinae,”</span> <span class='ocrx_word' id='word_1_116' title='bbox 971 1628 1050 1692; x_wconf 84' lang='lat' dir='ltr'>haec</span> <span class='ocrx_word' id='word_1_117' title='bbox 1071 1634 1170 1696; x_wconf 74' lang='lat' dir='ltr'>rerba</span> 
     </span>
     <span class='ocr_line' id='line_1_15' title="bbox 55 1722 1174 1819; baseline 0.006 -32"><span class='ocrx_word' id='word_1_118' title='bbox 55 1726 128 1787; x_wconf 85' lang='lat' dir='ltr'>sunt</span> <span class='ocrx_word' id='word_1_119' title='bbox 142 1724 241 1807; x_wconf 79' lang='lat' dir='ltr'>ipsius</span> <span class='ocrx_word' id='word_1_120' title='bbox 256 1724 318 1787; x_wconf 88' lang='lat' dir='ltr'>Str.</span> <span class='ocrx_word' id='word_1_121' title='bbox 333 1722 409 1801; x_wconf 83' lang='lat' dir='ltr'>Vll,</span> <span class='ocrx_word' id='word_1_122' title='bbox 427 1734 475 1799; x_wconf 88' lang='lat'><strong><em>16,</em></strong></span> <span class='ocrx_word' id='word_1_123' title='bbox 493 1736 570 1801; x_wconf 83' lang='lat'>890,</span> <span class='ocrx_word' id='word_1_124' title='bbox 593 1726 777 1802; x_wconf 85' lang='lat' dir='ltr'>„hahemus</span> <span class='ocrx_word' id='word_1_125' title='bbox 794 1724 977 1808; x_wconf 85' lang='lat' dir='ltr'>dominum,</span> <span class='ocrx_word' id='word_1_126' title='bbox 999 1732 1098 1815; x_wconf 81' lang='lat' dir='ltr'>quiet</span> <span class='ocrx_word' id='word_1_127' title='bbox 1111 1754 1174 1819; x_wconf 84' lang='lat' dir='ltr'><strong><em>per</em></strong></span> 
     </span>
     <span class='ocr_line' id='line_1_16' title="bbox 54 1827 1171 1913; baseline 0.007 -25"><span class='ocrx_word' id='word_1_128' title='bbox 54 1828 251 1913; x_wconf 86' lang='lat' dir='ltr'>prophetas,</span> <span class='ocrx_word' id='word_1_129' title='bbox 278 1836 310 1887; x_wconf 90' lang='lat' dir='ltr'><strong><em>et</em></strong></span> <span class='ocrx_word' id='word_1_130' title='bbox 330 1847 388 1910; x_wconf 92' lang='lat' dir='ltr'><strong><em>per</em></strong></span> <span class='ocrx_word' id='word_1_131' title='bbox 408 1827 610 1905; x_wconf 82' lang='lat' dir='ltr'>evangelium</span> <span class='ocrx_word' id='word_1_132' title='bbox 629 1840 662 1888; x_wconf 88' lang='lat' dir='ltr'><strong><em>et</em></strong></span> <span class='ocrx_word' id='word_1_133' title='bbox 681 1848 737 1912; x_wconf 88' lang='lat' dir='ltr'><strong><em>per</em></strong></span> <span class='ocrx_word' id='word_1_134' title='bbox 759 1829 867 1890; x_wconf 85' lang='lat' dir='ltr'>beatos</span> <span class='ocrx_word' id='word_1_135' title='bbox 881 1831 1040 1913; x_wconf 85' lang='lat' dir='ltr'>apostolos</span> <span class='ocrx_word' id='word_1_136' title='bbox 1053 1836 1171 1897; x_wconf 89' lang='lat' dir='ltr'>multi-</span> 
     </span>
     <span class='ocr_line' id='line_1_17' title="bbox 56 1924 1174 2013; baseline 0.004 -21"><span class='ocrx_word' id='word_1_137' title='bbox 56 1930 176 1992; x_wconf 74' lang='lat' dir='ltr'>fariam</span> <span class='ocrx_word' id='word_1_138' title='bbox 190 1928 364 2011; x_wconf 83' lang='lat' dir='ltr'>multisque</span> <span class='ocrx_word' id='word_1_139' title='bbox 379 1924 485 1987; x_wconf 85' lang='lat' dir='ltr'>modis</span> <span class='ocrx_word' id='word_1_140' title='bbox 499 1948 517 1986; x_wconf 92' lang='lat' dir='ltr'>a</span> <span class='ocrx_word' id='word_1_141' title='bbox 532 1927 686 2011; x_wconf 87' lang='lat' dir='ltr'>principio</span> <span class='ocrx_word' id='word_1_142' title='bbox 699 1926 740 1987; x_wconf 87' lang='lat' dir='ltr'><strong><em>od</em></strong></span> <span class='ocrx_word' id='word_1_143' title='bbox 757 1930 855 1989; x_wconf 85' lang='lat' dir='ltr'>sineru</span> <span class='ocrx_word' id='word_1_144' title='bbox 873 1926 1001 1993; x_wconf 79' lang='lat' dir='ltr'><strong><em>deducit</em></strong></span> <span class='ocrx_word' id='word_1_145' title='bbox 1013 1936 1174 2013; x_wconf 86' lang='lat' dir='ltr'>cognitio-</span> 
     </span>
     <span class='ocr_line' id='line_1_18' title="bbox 57 2025 1174 2111; baseline 0.006 -20"><span class='ocrx_word' id='word_1_146' title='bbox 57 2032 147 2095; x_wconf 82' lang='lat' dir='ltr'>nis..</span> <span class='ocrx_word' id='word_1_147' title='bbox 199 2027 265 2108; x_wconf 84' lang='lat' dir='ltr'><strong><em>Qui</em></strong></span> <span class='ocrx_word' id='word_1_148' title='bbox 289 2030 334 2089; x_wconf 84' lang='lat' dir='ltr'><strong><em>est</em></strong></span> <span class='ocrx_word' id='word_1_149' title='bbox 355 2047 398 2087; x_wconf 83' lang='lat' dir='ltr'><strong><em>ex</em></strong></span> <span class='ocrx_word' id='word_1_150' title='bbox 415 2028 446 2087; x_wconf 90' lang='lat' dir='ltr'><strong><em>se</em></strong></span> <span class='ocrx_word' id='word_1_151' title='bbox 470 2027 536 2111; x_wconf 90' lang='lat' dir='ltr'>ipso</span> <span class='ocrx_word' id='word_1_152' title='bbox 556 2025 678 2103; x_wconf 84' lang='lat' dir='ltr'>tidelis,</span> <span class='ocrx_word' id='word_1_153' title='bbox 707 2028 738 2089; x_wconf 90' lang='lat' dir='ltr'><strong><em>ei</em></strong></span> <span class='ocrx_word' id='word_1_154' title='bbox 755 2028 871 2088; x_wconf 89' lang='lat' dir='ltr'>merito</span> <span class='ocrx_word' id='word_1_155' title='bbox 890 2026 971 2094; x_wconf 78' lang='lat' dir='ltr'>sides</span> <span class='ocrx_word' id='word_1_156' title='bbox 990 2034 1174 2098; x_wconf 86' lang='lat' dir='ltr'>haheturin</span> 
     </span>
     <span class='ocr_line' id='line_1_19' title="bbox 61 2128 1175 2217; baseline 0.004 -21"><span class='ocrx_word' id='word_1_157' title='bbox 61 2131 225 2196; x_wconf 86' lang='lat' dir='ltr'>dominica</span> <span class='ocrx_word' id='word_1_158' title='bbox 252 2128 402 2214; x_wconf 86' lang='lat' dir='ltr'>scriptura</span> <span class='ocrx_word' id='word_1_159' title='bbox 427 2139 460 2188; x_wconf 86' lang='lat' dir='ltr'><strong><em>et</em></strong></span> <span class='ocrx_word' id='word_1_160' title='bbox 482 2148 598 2191; x_wconf 82' lang='lat' dir='ltr'>voce..</span> <span class='ocrx_word' id='word_1_161' title='bbox 654 2128 725 2213; x_wconf 88' lang='lat' dir='ltr'>Ipso</span> <span class='ocrx_word' id='word_1_162' title='bbox 745 2140 853 2191; x_wconf 88' lang='lat' dir='ltr'>autem</span> <span class='ocrx_word' id='word_1_163' title='bbox 875 2140 1026 2217; x_wconf 85' lang='lat' dir='ltr'>tanquam</span> <span class='ocrx_word' id='word_1_164' title='bbox 1050 2136 1175 2203; x_wconf 90' lang='lat' dir='ltr'>criterio</span> 
     </span>
     <span class='ocr_line' id='line_1_20' title="bbox 60 2220 1276 2319; baseline -0.001 -21"><span class='ocrx_word' id='word_1_165' title='bbox 60 2236 185 2298; x_wconf 87' lang='lat' dir='ltr'>utimur</span> <span class='ocrx_word' id='word_1_166' title='bbox 205 2231 246 2295; x_wconf 88' lang='lat' dir='ltr'><strong><em>ad</em></strong></span> <span class='ocrx_word' id='word_1_167' title='bbox 259 2251 309 2294; x_wconf 84' lang='lat' dir='ltr'><strong><em>rea</em></strong></span> <span class='ocrx_word' id='word_1_168' title='bbox 322 2226 557 2292; x_wconf 86' lang='lat' dir='ltr'>inveniendas”</span> <span class='ocrx_word' id='word_1_169' title='bbox 576 2240 608 2290; x_wconf 90' lang='lat' dir='ltr'><strong><em>et</em></strong></span> <span class='ocrx_word' id='word_1_170' title='bbox 620 2251 673 2316; x_wconf 84' lang='grc' dir='ltr'><strong><em>ησ.</em></strong></span> <span class='ocrx_word' id='word_1_171' title='bbox 690 2232 733 2316; x_wconf 88' lang='lat' dir='ltr'><strong><em>sq.</em></strong></span> <span class='ocrx_word' id='word_1_172' title='bbox 777 2220 821 2293; x_wconf 82' lang='lat'><strong><em>‘0</em></strong></span> <span class='ocrx_word' id='word_1_173' title='bbox 838 2224 1021 2311; x_wconf 77' lang='grc' dir='ltr'><strong><em>πιστεύσας</em></strong></span> <span class='ocrx_word' id='word_1_174' title='bbox 1039 2234 1115 2317; x_wconf 87' lang='lat' dir='ltr'>(Str.</span> <span class='ocrx_word' id='word_1_175' title='bbox 1128 2236 1173 2319; x_wconf 83' lang='grc' dir='ltr'><strong><em>Π,</em></strong></span> <span class='ocrx_word' id='word_1_176' title='bbox 1273 2296 1276 2305; x_wconf 87' lang='grc'><strong><em>,</em></strong></span> 
     </span>
     <span class='ocr_line' id='line_1_21' title="bbox 63 2322 1245 2425; baseline -0.002 -21"><span class='ocrx_word' id='word_1_177' title='bbox 63 2354 94 2416; x_wconf 77' lang='lat'><strong><em>2,</em></strong></span> <span class='ocrx_word' id='word_1_178' title='bbox 109 2340 190 2416; x_wconf 77' lang='grc'><strong><em>433)</em></strong></span> <span class='ocrx_word' id='word_1_179' title='bbox 210 2334 283 2409; x_wconf 86' lang='grc' dir='ltr'><strong><em>ταῖς</em></strong></span> <span class='ocrx_word' id='word_1_180' title='bbox 304 2331 451 2417; x_wconf 75' lang='grc' dir='ltr'><strong><em>γραφαῖς</em></strong></span> <span class='ocrx_word' id='word_1_181' title='bbox 468 2332 543 2406; x_wconf 81' lang='grc' dir='ltr'><strong><em>ταῖς</em></strong></span> <span class='ocrx_word' id='word_1_182' title='bbox 559 2325 690 2406; x_wconf 86' lang='grc' dir='ltr'><strong><em>θείαις,</em></strong></span> <span class='ocrx_word' id='word_1_183' title='bbox 719 2327 779 2415; x_wconf 78' lang='grc' dir='ltr'><strong><em>την</em></strong></span> <span class='ocrx_word' id='word_1_184' title='bbox 800 2327 910 2417; x_wconf 82' lang='grc' dir='ltr'><strong><em>κρίσιν</em></strong></span> <span class='ocrx_word' id='word_1_185' title='bbox 925 2330 1066 2413; x_wconf 92' lang='grc' dir='ltr'><strong><em>βεβαίαν</em></strong></span> <span class='ocrx_word' id='word_1_186' title='bbox 1078 2329 1175 2425; x_wconf 69' lang='grc' dir='ltr'><strong><em>ἔχων,</em></strong></span> <span class='ocrx_word' id='word_1_187' title='bbox 1242 2322 1245 2329; x_wconf 54' lang='grc'><strong>’</strong></span> 
     </span>
     <span class='ocr_line' id='line_1_22' title="bbox 63 2426 1228 2524; baseline -0.001 -20"><span class='ocrx_word' id='word_1_188' title='bbox 63 2431 241 2513; x_wconf 80' lang='grc' dir='ltr'><strong><em>ἀπόδειξιν</em></strong></span> <span class='ocrx_word' id='word_1_189' title='bbox 262 2426 511 2517; x_wconf 76' lang='grc' dir='ltr'><strong><em>ἀναντίρρητον,</em></strong></span> <span class='ocrx_word' id='word_1_190' title='bbox 546 2427 607 2519; x_wconf 85' lang='grc' dir='ltr'><strong><em>τὴν</em></strong></span> <span class='ocrx_word' id='word_1_191' title='bbox 625 2433 686 2495; x_wconf 80' lang='grc' dir='ltr'><strong><em>τοῦ</em></strong></span> <span class='ocrx_word' id='word_1_192' title='bbox 710 2427 770 2509; x_wconf 80' lang='grc' dir='ltr'><strong><em>τὰς</em></strong></span> <span class='ocrx_word' id='word_1_193' title='bbox 785 2428 920 2519; x_wconf 76' lang='grc' dir='ltr'><strong><em>γραφάς</em></strong></span> <span class='ocrx_word' id='word_1_194' title='bbox 943 2432 1176 2524; x_wconf 80' lang='grc' dir='ltr'><strong><em>δεδωρημένοσ</em></strong></span> <span class='ocrx_word' id='word_1_195' title='bbox 1219 2470 1228 2489; x_wconf 88' lang='lat'><strong>·</strong></span> 
     </span>
     <span class='ocr_line' id='line_1_23' title="bbox 64 2525 1178 2628; baseline 0.001 -25"><span class='ocrx_word' id='word_1_196' title='bbox 64 2537 181 2628; x_wconf 79' lang='grc' dir='ltr'><strong><em>φωνὴν</em></strong></span> <span class='ocrx_word' id='word_1_197' title='bbox 196 2525 358 2617; x_wconf 75' lang='grc' dir='ltr'><strong><em>λαμβάνει</em></strong></span> <span class='ocrx_word' id='word_1_198' title='bbox 369 2532 455 2597; x_wconf 79' lang='grc' dir='ltr'><strong><em>θεοῦ</em></strong></span> <span class='ocrx_word' id='word_1_199' title='bbox 472 2536 527 2613; x_wconf 85' lang='lat' dir='ltr'>(cf.</span> <span class='ocrx_word' id='word_1_200' title='bbox 543 2532 605 2598; x_wconf 89' lang='lat' dir='ltr'>Str.</span> <span class='ocrx_word' id='word_1_201' title='bbox 621 2534 696 2613; x_wconf 87' lang='lat' dir='ltr'><strong><em>VH,</em></strong></span> <span class='ocrx_word' id='word_1_202' title='bbox 716 2548 764 2615; x_wconf 86' lang='grc'><strong><em>16,</em></strong></span> <span class='ocrx_word' id='word_1_203' title='bbox 781 2539 867 2614; x_wconf 88' lang='lat'><strong>891).</strong></span> <span class='ocrx_word' id='word_1_204' title='bbox 916 2536 1075 2622; x_wconf 84' lang='lat' dir='ltr'><strong><em>Scriptura</em></strong></span> <span class='ocrx_word' id='word_1_205' title='bbox 1093 2543 1178 2605; x_wconf 80' lang='lat' dir='ltr'>sacra</span> 
     </span>
     <span class='ocr_line' id='line_1_24' title="bbox 64 2634 1179 2724; baseline 0 -19"><span class='ocrx_word' id='word_1_206' title='bbox 64 2644 315 2705; x_wconf 77' lang='lat' dir='ltr'>instrumentum</span> <span class='ocrx_word' id='word_1_207' title='bbox 333 2636 380 2699; x_wconf 86' lang='lat' dir='ltr'><strong><em>est</em></strong></span> <span class='ocrx_word' id='word_1_208' title='bbox 399 2637 537 2717; x_wconf 81' lang='lat' dir='ltr'>gnostico</span> <span class='ocrx_word' id='word_1_209' title='bbox 559 2634 636 2715; x_wconf 87' lang='lat' dir='ltr'>(Str.</span> <span class='ocrx_word' id='word_1_210' title='bbox 655 2636 714 2714; x_wconf 91' lang='lat' dir='ltr'><strong><em>Vl,</em></strong></span> <span class='ocrx_word' id='word_1_211' title='bbox 735 2650 783 2715; x_wconf 87' lang='lat'><strong><em>11,</em></strong></span> <span class='ocrx_word' id='word_1_212' title='bbox 801 2642 894 2717; x_wconf 85' lang='grc'><strong><em>786),</em></strong></span> <span class='ocrx_word' id='word_1_213' title='bbox 922 2660 986 2724; x_wconf 92' lang='lat' dir='ltr'><strong><em>quo</em></strong></span> <span class='ocrx_word' id='word_1_214' title='bbox 1008 2642 1179 2723; x_wconf 85' lang='lat' dir='ltr'>praeterita</span> 
     </span>
    </p>

    <p class='ocr_par' dir='ltr' id='par_1_3' title="bbox 66 2734 1180 2928">
     <span class='ocr_line' id='line_1_25' title="bbox 66 2734 1179 2823; baseline 0 -17"><span class='ocrx_word' id='word_1_215' title='bbox 66 2757 99 2806; x_wconf 86' lang='lat' dir='ltr'><strong><em>et</em></strong></span> <span class='ocrx_word' id='word_1_216' title='bbox 109 2744 222 2804; x_wconf 78' lang='lat' dir='ltr'>futura</span> <span class='ocrx_word' id='word_1_217' title='bbox 235 2738 453 2823; x_wconf 81' lang='lat' dir='ltr'>perscrutatur.</span> <span class='ocrx_word' id='word_1_218' title='bbox 499 2786 519 2814; x_wconf 89' lang='lat'><strong>„</strong></span> <span class='ocrx_word' id='word_1_219' title='bbox 529 2734 612 2813; x_wconf 83' lang='lat' dir='ltr'>Quia</span> <span class='ocrx_word' id='word_1_220' title='bbox 624 2749 732 2800; x_wconf 89' lang='lat' dir='ltr'>autem</span> <span class='ocrx_word' id='word_1_221' title='bbox 746 2740 791 2800; x_wconf 78' lang='lat' dir='ltr'><strong><em>est</em></strong></span> <span class='ocrx_word' id='word_1_222' title='bbox 804 2740 883 2816; x_wconf 87' lang='lat' dir='ltr'>(Str.</span> <span class='ocrx_word' id='word_1_223' title='bbox 898 2739 940 2817; x_wconf 88' lang='lat' dir='ltr'><strong><em>V,</em></strong></span> <span class='ocrx_word' id='word_1_224' title='bbox 958 2754 985 2818; x_wconf 92' lang='lat'><strong><em>1,</em></strong></span> <span class='ocrx_word' id='word_1_225' title='bbox 1001 2745 1077 2821; x_wconf 75' lang='lat'><strong>646)</strong></span> <span class='ocrx_word' id='word_1_226' title='bbox 1095 2740 1179 2806; x_wconf 89' lang='lat' dir='ltr'>adeo</span> 
     </span>
     <span class='ocr_line' id='line_1_26' title="bbox 66 2836 1180 2928; baseline 0.002 -23"><span class='ocrx_word' id='word_1_227' title='bbox 66 2842 188 2928; x_wconf 86' lang='lat' dir='ltr'>impius</span> <span class='ocrx_word' id='word_1_228' title='bbox 210 2850 243 2900; x_wconf 85' lang='lat' dir='ltr'><strong><em>et</em></strong></span> <span class='ocrx_word' id='word_1_229' title='bbox 262 2858 280 2899; x_wconf 89' lang='lat' dir='ltr'>a</span> <span class='ocrx_word' id='word_1_230' title='bbox 303 2836 373 2899; x_wconf 87' lang='lat' dir='ltr'><strong><em>Deo</em></strong></span> <span class='ocrx_word' id='word_1_231' title='bbox 392 2837 533 2914; x_wconf 84' lang='lat' dir='ltr'>alienus,</span> <span class='ocrx_word' id='word_1_232' title='bbox 561 2850 596 2899; x_wconf 93' lang='lat' dir='ltr'><strong><em>ut</em></strong></span> <span class='ocrx_word' id='word_1_233' title='bbox 611 2838 681 2901; x_wconf 89' lang='lat' dir='ltr'><strong><em>Deo</em></strong></span> <span class='ocrx_word' id='word_1_234' title='bbox 698 2861 761 2900; x_wconf 91' lang='lat' dir='ltr'><strong><em>non</em></strong></span> <span class='ocrx_word' id='word_1_235' title='bbox 776 2838 883 2901; x_wconf 86' lang='lat' dir='ltr'>credat</span> <span class='ocrx_word' id='word_1_236' title='bbox 897 2853 930 2902; x_wconf 88' lang='lat' dir='ltr'><strong><em>et</em></strong></span> <span class='ocrx_word' id='word_1_237' title='bbox 941 2842 1146 2925; x_wconf 75' lang='lat' dir='ltr'>probationes</span> <span class='ocrx_word' id='word_1_238' title='bbox 1159 2864 1180 2907; x_wconf 79' lang='lat' dir='ltr'>a</span> 
     </span>
    </p>

    <p class='ocr_par' dir='ltr' id='par_1_4' title="bbox 67 2938 1188 3127">
     <span class='ocr_line' id='line_1_27' title="bbox 67 2938 1188 3029; baseline -0.001 -21"><span class='ocrx_word' id='word_1_239' title='bbox 67 2944 140 3009; x_wconf 84' lang='lat' dir='ltr'><strong><em>Deo</em></strong></span> <span class='ocrx_word' id='word_1_240' title='bbox 160 2940 316 3029; x_wconf 86' lang='lat' dir='ltr'>postulet,</span> <span class='ocrx_word' id='word_1_241' title='bbox 350 2950 501 3023; x_wconf 86' lang='lat' dir='ltr'>tauquam</span> <span class='ocrx_word' id='word_1_242' title='bbox 521 2940 560 2999; x_wconf 86' lang='lat' dir='ltr'><strong><em>ub</em></strong></span> <span class='ocrx_word' id='word_1_243' title='bbox 579 2938 815 3002; x_wconf 79' lang='lat' dir='ltr'>hominihua?”</span> <span class='ocrx_word' id='word_1_244' title='bbox 871 2938 965 3017; x_wconf 84' lang='lat' dir='ltr'>Quae</span> <span class='ocrx_word' id='word_1_245' title='bbox 988 2943 1138 3026; x_wconf 87' lang='lat' dir='ltr'>scriptura</span> <span class='ocrx_word' id='word_1_246' title='bbox 1157 2946 1188 3011; x_wconf 73' lang='grc' dir='ltr'><strong><em>λ·</em></strong></span> 
     </span>
     <span class='ocr_line' id='line_1_28' title="bbox 69 3038 1184 3127; baseline 0.001 -18"><span class='ocrx_word' id='word_1_247' title='bbox 69 3045 266 3121; x_wconf 86' lang='lat' dir='ltr'>continetur,</span> <span class='ocrx_word' id='word_1_248' title='bbox 304 3061 342 3103; x_wconf 91' lang='lat' dir='ltr'><strong><em>ea</em></strong></span> <span class='ocrx_word' id='word_1_249' title='bbox 370 3038 501 3104; x_wconf 89' lang='lat' dir='ltr'>demum</span> <span class='ocrx_word' id='word_1_250' title='bbox 525 3060 603 3102; x_wconf 86' lang='lat' dir='ltr'>vera</span> <span class='ocrx_word' id='word_1_251' title='bbox 622 3044 667 3101; x_wconf 90' lang='lat' dir='ltr'><strong><em>est</em></strong></span> <span class='ocrx_word' id='word_1_252' title='bbox 687 3040 857 3126; x_wconf 82' lang='lat' dir='ltr'>sapientia,</span> <span class='ocrx_word' id='word_1_253' title='bbox 884 3062 981 3127; x_wconf 89' lang='lat' dir='ltr'>quam</span> <span class='ocrx_word' id='word_1_254' title='bbox 1002 3044 1062 3106; x_wconf 88' lang='lat' dir='ltr'><strong><em>hoc</em></strong></span> <span class='ocrx_word' id='word_1_255' title='bbox 1083 3046 1184 3115; x_wconf 90' lang='lat' dir='ltr'>modo</span> 
     </span>
    </p>

    <p class='ocr_par' dir='ltr' id='par_1_5' title="bbox 19 3106 1194 3226">
     <span class='ocr_line' id='line_1_29' title="bbox 19 3106 1194 3226; baseline -0.001 -14"><span class='ocrx_word' id='word_1_256' title='bbox 19 3106 26 3211; x_wconf 76' lang='grc' dir='ltr'><strong><em>ί</em></strong></span> <span class='ocrx_word' id='word_1_257' title='bbox 69 3148 134 3212; x_wconf 86' lang='lat' dir='ltr'>Str.</span> <span class='ocrx_word' id='word_1_258' title='bbox 151 3144 212 3225; x_wconf 90' lang='lat' dir='ltr'><strong><em>VI,</em></strong></span> <span class='ocrx_word' id='word_1_259' title='bbox 230 3157 260 3223; x_wconf 87' lang='grc'><strong><em>7,</em></strong></span> <span class='ocrx_word' id='word_1_260' title='bbox 277 3154 337 3208; x_wconf 84' lang='grc'><strong><em>767</em></strong></span> <span class='ocrx_word' id='word_1_261' title='bbox 356 3140 504 3205; x_wconf 80' lang='lat' dir='ltr'>Clemens</span> <span class='ocrx_word' id='word_1_262' title='bbox 525 3138 686 3204; x_wconf 78' lang='lat' dir='ltr'>describit:</span> <span class='ocrx_word' id='word_1_263' title='bbox 725 3136 845 3225; x_wconf 76' lang='grc' dir='ltr'><strong><em>Τῆνδὲ</em></strong></span> <span class='ocrx_word' id='word_1_264' title='bbox 863 3137 1006 3226; x_wconf 76' lang='grc' dir='ltr'><strong><em>σοφίαν,</em></strong></span> <span class='ocrx_word' id='word_1_265' title='bbox 1037 3136 1194 3224; x_wconf 71' lang='grc' dir='ltr'><strong><em>ἔμπεδον·</em></strong></span> 
     </span>
    </p>

    <p class='ocr_par' dir='ltr' id='par_1_6' title="bbox 19 3232 1192 3334">
     <span class='ocr_line' id='line_1_30' title="bbox 19 3232 1192 3334; baseline -0.005 -23"><span class='ocrx_word' id='word_1_266' title='bbox 19 3240 22 3247; x_wconf 72' lang='grc'><strong>’</strong></span> <span class='ocrx_word' id='word_1_267' title='bbox 69 3245 207 3334; x_wconf 88' lang='grc' dir='ltr'><strong><em>γνῶσιν,</em></strong></span> <span class='ocrx_word' id='word_1_268' title='bbox 239 3240 346 3307; x_wconf 87' lang='grc' dir='ltr'><strong><em>θείων</em></strong></span> <span class='ocrx_word' id='word_1_269' title='bbox 371 3262 408 3306; x_wconf 88' lang='grc' dir='ltr'><strong><em>τε</em></strong></span> <span class='ocrx_word' id='word_1_270' title='bbox 433 3243 491 3305; x_wconf 84' lang='grc' dir='ltr'><strong><em>καὶ</em></strong></span> <span class='ocrx_word' id='word_1_271' title='bbox 516 3232 740 3327; x_wconf 75' lang='grc' dir='ltr'><strong><em>ἀνθρωπίνων</em></strong></span> <span class='ocrx_word' id='word_1_272' title='bbox 764 3234 968 3327; x_wconf 85' lang='grc' dir='ltr'><strong><em>πραγμάτων</em></strong></span> <span class='ocrx_word' id='word_1_273' title='bbox 992 3240 1192 3333; x_wconf 81' lang='grc' dir='ltr'><strong><em>κατάληψίν.</em></strong></span> 
     </span>
    </p>

    <p class='ocr_par' dir='ltr' id='par_1_7' title="bbox 9 3332 1193 4246">
     <span class='ocr_line' id='line_1_31' title="bbox 9 3332 1187 3429; baseline 0.002 -17"><span class='ocrx_word' id='word_1_274' title='bbox 9 3342 18 3423; x_wconf 78' lang='lat' dir='ltr'>s</span> <span class='ocrx_word' id='word_1_275' title='bbox 70 3370 148 3412; x_wconf 92' lang='grc' dir='ltr'><strong><em>τινα</em></strong></span> <span class='ocrx_word' id='word_1_276' title='bbox 166 3338 307 3428; x_wconf 77' lang='grc' dir='ltr'><strong><em>βεβαίαν</em></strong></span> <span class='ocrx_word' id='word_1_277' title='bbox 327 3332 431 3406; x_wconf 77' lang='grc' dir='ltr'><strong><em>οὖσαν</em></strong></span> <span class='ocrx_word' id='word_1_278' title='bbox 457 3340 514 3403; x_wconf 85' lang='grc' dir='ltr'><strong><em>καί</em></strong></span> <span class='ocrx_word' id='word_1_279' title='bbox 540 3335 794 3422; x_wconf 85' lang='grc' dir='ltr'><strong><em>ἀμετάπτωτον,</em></strong></span> <span class='ocrx_word' id='word_1_280' title='bbox 828 3340 1064 3429; x_wconf 77' lang='grc' dir='ltr'><strong><em>σονειληφσῖαν</em></strong></span> <span class='ocrx_word' id='word_1_281' title='bbox 1085 3341 1127 3411; x_wconf 89' lang='grc' dir='ltr'><strong><em>τά</em></strong></span> <span class='ocrx_word' id='word_1_282' title='bbox 1148 3369 1187 3415; x_wconf 78' lang='grc' dir='ltr'><strong><em>τι</em></strong></span> 
     </span>
     <span class='ocr_line' id='line_1_32' title="bbox 72 3432 1187 3531; baseline -0.002 -18"><span class='ocrx_word' id='word_1_283' title='bbox 72 3436 174 3523; x_wconf 64' lang='grc' dir='ltr'><strong><em>ὅντα,</em></strong></span> <span class='ocrx_word' id='word_1_284' title='bbox 201 3439 320 3508; x_wconf 78' lang='grc' dir='ltr'><strong><em>καὶτὰ</em></strong></span> <span class='ocrx_word' id='word_1_285' title='bbox 341 3437 582 3531; x_wconf 78' lang='grc' dir='ltr'><strong><em>παρῳχηκότα,</em></strong></span> <span class='ocrx_word' id='word_1_286' title='bbox 612 3442 669 3506; x_wconf 84' lang='grc' dir='ltr'><strong><em>καί</em></strong></span> <span class='ocrx_word' id='word_1_287' title='bbox 687 3439 729 3506; x_wconf 84' lang='grc' dir='ltr'><strong><em>τά</em></strong></span> <span class='ocrx_word' id='word_1_288' title='bbox 747 3439 928 3526; x_wconf 84' lang='grc' dir='ltr'><strong><em>μέλλοντα·</em></strong></span> <span class='ocrx_word' id='word_1_289' title='bbox 956 3432 996 3529; x_wconf 76' lang='grc' dir='ltr'><strong><em>ἢν</em></strong></span> <span class='ocrx_word' id='word_1_290' title='bbox 1009 3441 1187 3523; x_wconf 77' lang='grc' dir='ltr'><strong><em>ἐδιδάξατο</em></strong></span> 
     </span>
     <span class='ocr_line' id='line_1_33' title="bbox 71 3537 1187 3631; baseline -0.001 -21"><span class='ocrx_word' id='word_1_291' title='bbox 71 3538 170 3631; x_wconf 78' lang='grc' dir='ltr'><strong><em>ἡμάςι</em></strong></span> <span class='ocrx_word' id='word_1_292' title='bbox 185 3537 242 3609; x_wconf 91' lang='grc' dir='ltr'><strong><em>διά</em></strong></span> <span class='ocrx_word' id='word_1_293' title='bbox 263 3564 300 3609; x_wconf 88' lang='grc' dir='ltr'><strong><em>τε</em></strong></span> <span class='ocrx_word' id='word_1_294' title='bbox 317 3544 377 3631; x_wconf 82' lang='grc' dir='ltr'><strong><em>τῆς</em></strong></span> <span class='ocrx_word' id='word_1_295' title='bbox 394 3540 599 3628; x_wconf 86' lang='grc' dir='ltr'><strong><em>παρουσίας,</em></strong></span> <span class='ocrx_word' id='word_1_296' title='bbox 627 3537 684 3608; x_wconf 86' lang='grc' dir='ltr'><strong><em>διά</em></strong></span> <span class='ocrx_word' id='word_1_297' title='bbox 701 3544 815 3608; x_wconf 81' lang='grc' dir='ltr'><strong><em>τετῶν</em></strong></span> <span class='ocrx_word' id='word_1_298' title='bbox 828 3544 1011 3631; x_wconf 76' lang='grc' dir='ltr'><strong><em>προφητῶν</em></strong></span> <span class='ocrx_word' id='word_1_299' title='bbox 1023 3541 1043 3611; x_wconf 84' lang='grc' dir='ltr'><em>ὃ</em></span> <span class='ocrx_word' id='word_1_300' title='bbox 1054 3540 1187 3631; x_wconf 81' lang='grc' dir='ltr'><strong><em>κύριος·</em></strong></span> 
     </span>
     <span class='ocr_line' id='line_1_34' title="bbox 75 3636 1189 3731; baseline -0.003 -18"><span class='ocrx_word' id='word_1_301' title='bbox 75 3650 134 3714; x_wconf 81' lang='grc' dir='ltr'><strong><em>καί</em></strong></span> <span class='ocrx_word' id='word_1_302' title='bbox 152 3640 246 3712; x_wconf 75' lang='grc' dir='ltr'><strong><em>ἔστιν</em></strong></span> <span class='ocrx_word' id='word_1_303' title='bbox 265 3636 504 3727; x_wconf 84' lang='grc' dir='ltr'><strong><em>ἀμετάπτωτος</em></strong></span> <span class='ocrx_word' id='word_1_304' title='bbox 522 3638 591 3710; x_wconf 79' lang='grc' dir='ltr'><strong><em>ὑπὸ</em></strong></span> <span class='ocrx_word' id='word_1_305' title='bbox 612 3639 714 3731; x_wconf 88' lang='grc' dir='ltr'><strong><em>λόγου</em></strong></span> <span class='ocrx_word' id='word_1_306' title='bbox 732 3643 979 3729; x_wconf 79' lang='grc' dir='ltr'><strong><em>παραδοθεῖσα.</em></strong></span> <span class='ocrx_word' id='word_1_307' title='bbox 1031 3648 1189 3730; x_wconf 81' lang='lat' dir='ltr'>Eandem,</span> 
     </span>
     <span class='ocr_line' id='line_1_35' title="bbox 75 3748 1189 3834; baseline 0 -20"><span class='ocrx_word' id='word_1_308' title='bbox 75 3772 143 3814; x_wconf 90' lang='lat' dir='ltr'><strong><em>non</em></strong></span> <span class='ocrx_word' id='word_1_309' title='bbox 158 3751 352 3828; x_wconf 86' lang='lat' dir='ltr'>humanam,</span> <span class='ocrx_word' id='word_1_310' title='bbox 380 3748 523 3811; x_wconf 85' lang='lat' dir='ltr'>divinam</span> <span class='ocrx_word' id='word_1_311' title='bbox 543 3750 729 3834; x_wconf 85' lang='lat' dir='ltr'>sapientiam</span> <span class='ocrx_word' id='word_1_312' title='bbox 748 3749 934 3829; x_wconf 81' lang='lat' dir='ltr'>significavit</span> <span class='ocrx_word' id='word_1_313' title='bbox 949 3750 1098 3815; x_wconf 78' lang='lat' dir='ltr'>Clemens</span> <span class='ocrx_word' id='word_1_314' title='bbox 1116 3752 1189 3814; x_wconf 82' lang='lat' dir='ltr'>loen</span> 
     </span>
     <span class='ocr_line' id='line_1_36' title="bbox 74 3847 1191 3936; baseline -0.002 -22"><span class='ocrx_word' id='word_1_315' title='bbox 74 3856 143 3933; x_wconf 84' lang='lat' dir='ltr'><strong><em>jam</em></strong></span> <span class='ocrx_word' id='word_1_316' title='bbox 171 3847 302 3913; x_wconf 88' lang='lat' dir='ltr'>laudato</span> <span class='ocrx_word' id='word_1_317' title='bbox 322 3849 384 3915; x_wconf 86' lang='lat' dir='ltr'>Str.</span> <span class='ocrx_word' id='word_1_318' title='bbox 404 3849 430 3928; x_wconf 92' lang='grc' dir='ltr'><strong><em>Ι,</em></strong></span> <span class='ocrx_word' id='word_1_319' title='bbox 453 3863 483 3931; x_wconf 87' lang='grc'><strong><em>7,</em></strong></span> <span class='ocrx_word' id='word_1_320' title='bbox 504 3861 581 3929; x_wconf 72' lang='lat'><strong><em>3383</em></strong></span> <span class='ocrx_word' id='word_1_321' title='bbox 615 3851 716 3936; x_wconf 86' lang='lat' dir='ltr'>ipsam</span> <span class='ocrx_word' id='word_1_322' title='bbox 744 3852 841 3913; x_wconf 83' lang='lat' dir='ltr'>etiam</span> <span class='ocrx_word' id='word_1_323' title='bbox 866 3851 1100 3935; x_wconf 83' lang='lat' dir='ltr'>philosophiam</span> <span class='ocrx_word' id='word_1_324' title='bbox 1125 3870 1191 3912; x_wconf 90' lang='lat' dir='ltr'><strong><em>no-</em></strong></span> 
     </span>
     <span class='ocr_line' id='line_1_37' title="bbox 76 3940 1193 4037; baseline -0.006 -18"><span class='ocrx_word' id='word_1_325' title='bbox 76 3957 205 4019; x_wconf 87' lang='lat' dir='ltr'>minare</span> <span class='ocrx_word' id='word_1_326' title='bbox 238 3974 305 4016; x_wconf 89' lang='lat' dir='ltr'><strong><em>non</em></strong></span> <span class='ocrx_word' id='word_1_327' title='bbox 339 3951 462 4015; x_wconf 88' lang='lat' dir='ltr'>dubitat</span> <span class='ocrx_word' id='word_1_328' title='bbox 498 3952 559 4014; x_wconf 84' lang='lat' dir='ltr'>Str.</span> <span class='ocrx_word' id='word_1_329' title='bbox 579 3950 630 4031; x_wconf 90' lang='lat' dir='ltr'><strong><em>ll,</em></strong></span> <span class='ocrx_word' id='word_1_330' title='bbox 654 3964 684 4028; x_wconf 81' lang='lat'><strong><em>2,</em></strong></span> <span class='ocrx_word' id='word_1_331' title='bbox 707 3957 769 4017; x_wconf 79' lang='grc'><strong><em>480</em></strong></span> <span class='ocrx_word' id='word_1_332' title='bbox 803 3943 896 4037; x_wconf 74' lang='grc' dir='ltr'><strong><em>(ἡμῖν</em></strong></span> <span class='ocrx_word' id='word_1_333' title='bbox 929 3940 987 4014; x_wconf 82' lang='grc' dir='ltr'><strong><em>οδν</em></strong></span> <span class='ocrx_word' id='word_1_334' title='bbox 1019 3942 1193 4036; x_wconf 74' lang='grc' dir='ltr'><strong><em>βάρβαρος</em></strong></span> 
     </span>
     <span class='ocr_line' id='line_1_38' title="bbox 78 4040 1191 4144; baseline -0.001 -23"><span class='ocrx_word' id='word_1_335' title='bbox 78 4048 290 4144; x_wconf 83' lang='grc' dir='ltr'><strong><em>φιλοσοφία,</em></strong></span> <span class='ocrx_word' id='word_1_336' title='bbox 338 4042 378 4136; x_wconf 68' lang='grc' dir='ltr'><strong><em>ἣν</em></strong></span> <span class='ocrx_word' id='word_1_337' title='bbox 412 4047 607 4133; x_wconf 79' lang='grc' dir='ltr'><strong><em>μεθέπομεν</em></strong></span> <span class='ocrx_word' id='word_1_338' title='bbox 638 4042 749 4136; x_wconf 79' lang='grc' dir='ltr'><strong><em>ἡμεῖς,</em></strong></span> <span class='ocrx_word' id='word_1_339' title='bbox 801 4049 913 4118; x_wconf 84' lang='grc' dir='ltr'><strong><em>τελεία</em></strong></span> <span class='ocrx_word' id='word_1_340' title='bbox 944 4047 993 4134; x_wconf 78' lang='grc' dir='ltr'><strong><em>τῷ</em></strong></span> <span class='ocrx_word' id='word_1_341' title='bbox 1028 4040 1100 4115; x_wconf 69' lang='lat' dir='ltr'><strong><em>svn</em></strong></span> <span class='ocrx_word' id='word_1_342' title='bbox 1132 4054 1191 4121; x_wconf 78' lang='grc' dir='ltr'><strong><em>καὶ</em></strong></span> 
     </span>
     <span class='ocr_line' id='line_1_39' title="bbox 75 4149 1193 4246; baseline -0.003 -20"><span class='ocrx_word' id='word_1_343' title='bbox 75 4149 230 4246; x_wconf 72' lang='grc' dir='ltr'><strong><em>ἀληθής)</em></strong></span> <span class='ocrx_word' id='word_1_344' title='bbox 254 4167 288 4221; x_wconf 78' lang='lat' dir='ltr'>et</span> <span class='ocrx_word' id='word_1_345' title='bbox 307 4156 371 4222; x_wconf 83' lang='lat' dir='ltr'><strong><em>su.</em></strong></span> <span class='ocrx_word' id='word_1_346' title='bbox 392 4150 509 4239; x_wconf 41' lang='lat' dir='ltr'>v1„&#39;7,</span> <span class='ocrx_word' id='word_1_347' title='bbox 532 4168 605 4222; x_wconf 79' lang='grc' dir='ltr'><strong><em>τοι.</em></strong></span> <span class='ocrx_word' id='word_1_348' title='bbox 626 4168 663 4241; x_wconf 69' lang='lat' dir='ltr'><strong><em>a,</em></strong></span> <span class='ocrx_word' id='word_1_349' title='bbox 698 4154 775 4219; x_wconf 80' lang='lat' dir='ltr'><strong><em>dicu</em></strong></span> <span class='ocrx_word' id='word_1_350' title='bbox 800 4177 879 4222; x_wconf 79' lang='lat' dir='ltr'>vero</span> <span class='ocrx_word' id='word_1_351' title='bbox 907 4154 969 4220; x_wconf 82' lang='lat' dir='ltr'><strong><em>Su.</em></strong></span> <span class='ocrx_word' id='word_1_352' title='bbox 988 4152 1016 4236; x_wconf 91' lang='lat'><strong><em>1,</em></strong></span> <span class='ocrx_word' id='word_1_353' title='bbox 1037 4167 1090 4238; x_wconf 82' lang='grc' dir='ltr'><strong><em>ιο,</em></strong></span> <span class='ocrx_word' id='word_1_354' title='bbox 1109 4166 1193 4225; x_wconf 71' lang='lat' dir='ltr'><strong><em>aro:</em></strong></span> 
     </span>
    </p>
   </div>
   <div class='ocr_carea' id='block_1_3' title="bbox 0 0 1312 4770">
    <p class='ocr_par' dir='ltr' id='par_1_8' title="bbox 0 0 1312 4770">
     <span class='ocr_line' id='line_1_40' title="bbox 0 0 1312 4770; baseline 0 0"><span class='ocrx_word' id='word_1_355' title='bbox 0 0 1312 4770; x_wconf 95' lang='lat' dir='ltr'><strong><em> </em></strong></span> 
     </span>
    </p>
   </div>
  </div>
 </body>
</html>
