2572 4770
117 238 216 311 'eta
465 227 555 319 cap.
577 226 651 299 ΙΙΙ.
686 176 933 339 ,ὒοςννιλτοίωτ

142 415 225 493 των)
230 456 243 489 ,
267 408 320 475 sed
335 409 427 475 Deua
446 419 480 473 et
501 408 536 469 in
555 405 645 469 coelo
666 414 699 466 et
716 402 882 467 nobiscum
898 413 932 467 et
944 400 979 467 in
992 400 1090 467 nobie
1110 399 1248 482 existere,

143 514 253 577 omnia
276 513 308 573 in
332 512 481 575 omnibus
499 510 584 571 bona
605 504 761 584 efficiens,
789 504 940 568 omnibus
959 503 1094 590 quidem
1106 505 1249 566 immate-

143 613 265 677 rialiter
281 602 439 690 (ἄλλως),
468 609 534 671 fine
547 608 651 669 forma
668 594 870 684 (ἀνειόἑως),
891 606 959 668 fine
982 604 1249 686 transfiguratione

145 704 512 794 (ἀμοτοσχηματίοτως)
534 709 698 790 praesena3
725 726 890 791 nunquam
910 725 987 770 vero
1009 727 1088 769 cum
1105 705 1249 791 patrein·

145 810 315 875 effabiliter
327 829 458 871 manere
474 830 510 870 ac
522 808 624 869 veluti
638 803 797 868 confidere
817 808 936 869 cessone
957 796 1032 884 (οάκ
1047 796 1251 884 ἐξιστάμενος

138 898 207 977 ’τοῦ
236 902 459 993 συνιόρὺοθαι
488 897 669 992 ἀφράστως
688 907 736 989 τῷ
756 900 897 988 πατρί),
933 918 965 969 et
987 908 1109 992 ubique
1130 903 1250 967 diffuso

146 1004 411 1094 (ἐξαντλούμενος
429 1002 569 1090 πάντη),
604 1019 635 1069 et
658 1009 784 1093 capione
804 1005 965 1090 (χωρῶν),
1005 1020 1039 1070 et
1056 1008 1091 1069 in
1111 1006 1251 1069 omnibus

145 1115 214 1177 line
229 1111 455 1173 commixtione
470 1101 627 1191 (ἀμιγοῦς)
640 1108 838 1187 inhabitans,
864 1122 899 1170 et
912 1110 948 1173 in
960 1109 1174 1191 cogitationes
1189 1126 1250 1167 curn

145 1215 284 1291 noltrae,
312 1223 383 1273 tum
399 1229 526 1285 eorum,
555 1210 610 1293 qni
629 1209 905 1289 nubieinvifibilee
926 1212 1014 1289 stant,
1044 1210 1077 1271 se
1098 1208 1251 1270 insinuant

147 1300 378 1393 (ἐμβατεύων),
392 1321 424 1372 et
436 1322 578 1371 accurate
590 1311 729 1372 scrutans
742 1310 867 1388 omnia,
882 1310 1005 1395 etiarnsi
1017 1309 1132 1371 omnia
1147 1309 1251 1383 noscet,

148 1426 182 1476 et
201 1413 268 1475 fine
289 1430 368 1472 voce
388 1409 537 1471 insonans
561 1401 720 1494 (ἀφώνοις
738 1405 893 1495 inproba),
914 1424 947 1473 et
957 1412 1088 1473 animae
1102 1410 1191 1472 intus
1207 1420 1253 1469 ta·

149 1513 209 1576 cite
232 1512 404 1573 clamantes
426 1507 618 1589 exaudiens,
649 1530 766 1598 easque
786 1531 900 1573 ornnes
916 1512 991 1577 stne·
1003 1513 1209 1575 cunctatione
1224 1511 1253 1571 in

146 1613 298 1675 omnibus
317 1607 530 1673 misericordia
550 1612 742 1696 prosequens
768 1624 802 1674 et
821 1613 1027 1677 corroborans
1055 1612 1132 1693 (ani
1152 1604 1252 1684 πάτος

147 1710 208 1777 ἐπὶ
228 1713 330 1775 πᾶσιν
351 1702 526 1794 οἰκτείρων
548 1702 723 1795 ἀμελλητὶ,
751 1710 809 1774 καὶ
828 1705 1075 1795 tarpander),
1112 1728 1147 1779 et
1165 1717 1250 1777 inex-

143 1814 329 1903 plicabilem
344 1811 498 1872 laetitiam
513 1812 662 1873 omnibus
675 1813 793 1898 ubique
808 1799 928 1877 naturis
939 1815 1139 1898 infundens,
1166 1817 1250 1893 hujut

146 1914 288 1979 universi
300 1911 558 1993 constitutionem
570 1912 750 1993 continens,
774 1925 806 1976 et
822 1916 929 1975 omnia
942 1918 998 1977 sub
1013 1918 1184 2003 semetipso
1198 1916 1249 1977 lra-
1266 1998 1269 2003 Ι

146 2018 244 2095 bens,
267 2027 300 2078 et
315 2013 423 2076 divina
436 2012 507 2073 luce
523 2032 560 2073 ea
577 2014 802 2093 collnrninans,
832 2028 864 2078 et
881 2018 943 2079 illis
962 2019 1123 2081 immensa
1140 2020 1192 2079 sua
1204 2015 1249 2077 es-

147 2119 256 2181 ficacia
269 2137 304 2179 ac
317 2113 457 2178 bonitate
470 2115 688 2195 benefaciene;
709 2136 764 2179 eos
777 2114 925 2202 quidem,
947 2120 1064 2203 quibus
1077 2120 1194 2181 melior
1204 2116 1249 2177 in·

147 2219 249 2282 tentio
271 2219 316 2280 est
331 2206 393 2299 ¹(adt
408 2211 471 2295 μὲν
485 2205 608 2294 ἀμείνω
623 2208 683 2299 τὴν
695 2207 857 2300 γνώμην),
882 2216 923 2279 ad
940 2222 1167 2303 perfectiorem
1187 2220 1248 2281 scn-
1274 2204 1277 2211 ¹

145 2341 226 2406 pum
247 2316 383 2394 duccns;
411 2336 548 2400 quorum
566 2335 646 2405 vero
665 2314 819 2396 deterior,
846 2330 940 2404 atque
960 2320 1042 2383 aden
1056 2342 1158 2406 prava
1170 2335 1249 2381 ment

147 2441 183 2481 ac
202 2418 268 2480 vita
296 2420 357 2495 est,
391 2438 447 2480 eos
465 2419 520 2477 saa
540 2417 637 2501 ipsius
656 2415 742 2495 regia
765 2427 798 2479 et
820 2418 968 2482 concordi
986 2434 1019 2483 et
1039 2421 1177 2484 indivisa
1195 2440 1249 2501 gn-

104 2498 113 2509 ’
146 2517 335 2581 bernatione
361 2538 426 2595 non
450 2518 597 2601 privans,
630 2514 683 2575 led
714 2512 905 2581 desiderium
931 2522 965 2582 in
990 2523 1040 2585 eis
1064 2525 1248 2603 ingenerant

145 2630 179 2683 et
213 2614 495 2679 considerationem
527 2614 795 2680 consubstantialis
831 2621 1040 2708 omniumque
1078 2624 1249 2704 generatim

143 2722 303 2784 bonorum
325 2716 489 2796 largitricis
518 2715 666 2778 trinitatis
694 2729 727 2778 et
753 2721 901 2783 omnibus
924 2736 1011 2785 recte
1045 2728 1248 2810 operantibut

144 2841 242 2907 opem
262 2819 386 2897 ferens,
415 2838 488 2879 cnm
508 2816 602 2878 simul
625 2818 662 2878 lit
683 2821 722 2880 ab
744 2821 892 2883 omnibus
910 2822 1109 2903 segregatus,
1132 2829 1250 2889 hacre-

142 2924 232 2987 tione
248 2918 413 2995 videlicet,
445 2913 531 3001 quod
556 2916 645 2978 alteri
665 2917 795 3002 quidem
808 2923 1021 3007 apostolorum
1035 2927 1069 2987 in
1087 2926 1181 2991 India
1197 2925 1250 2989 de-

143 3022 249 3104 genti,
277 3017 458 3081 alterivero
474 3016 507 3076 in
521 3016 688 3101 Hispania,
716 3021 807 3082 alteri
827 3035 935 3085 autent
953 3027 993 3085 ab
1016 3027 1084 3111 ipso
1106 3031 1138 3091 in
1162 3031 1250 3091 alian

140 3121 306 3202 regionem
321 3114 475 3203 usquead
490 3129 667 3179 extremam
681 3131 796 3181 terram
811 3123 920 3202 millo,
947 3127 1035 3189 lnam
1049 3127 1249 3193 infallibilem

142 3234 176 3285 et
196 3219 477 3282 incontaminatam
497 3218 738 3303 impertiebatur
757 3223 959 3307 sapientiam3
981 3247 1189 3317 nequaquam
1205 3233 1251 3293 al-

140 3321 202 3387 teri
217 3319 348 3409 quidem
362 3341 463 3397 nunc,
484 3318 576 3381 alteri
589 3341 665 3383 vero
680 3322 757 3386 alias
772 3325 894 3409 praesto
907 3327 1061 3406 existens,
1082 3352 1190 3417 neque
1203 3333 1249 3393 al-

139 3435 246 3487 terum
262 3418 392 3507 quidem
407 3419 524 3498 magis,
544 3420 680 3505 alterurn
692 3436 800 3485 autern
813 3424 923 3488 minue
934 3427 1062 3508 alllans;
1093 3429 1150 3493 sed
1162 3430 1248 3494 simul

31 3600 34 3607 Ι
140 3536 174 3586 et
187 3520 342 3585 universis
354 3519 557 3599 conjunctim,
571 3533 602 3582 et
613 3522 744 3602 lingulis
758 3525 894 3587 seorsum
906 3526 1002 3589 simili
1017 3531 1145 3617 smper·
1157 3533 1247 3597 modo

139 3623 341 3701 illucescens;
374 3618 452 3681 ficut
477 3618 576 3681 etiarn
603 3619 752 3685 dominns
775 3625 829 3709 qni
851 3624 949 3690 dixit:
985 3629 1166 3697 Vobiscum
1186 3639 1246 3699 suu

140 3722 291 3786 omnibns
307 3718 419 3781 diebus
434 3740 535 3803 usque
550 3717 590 3781 ad
608 3725 913 3791 consummationem
931 3731 1039 3795 seculi.
1049 3733 1070 3765 ”
1118 3737 1246 3815 „Verba

107 3871 115 3886 .
140 3836 251 3887 entem
272 3822 327 3884 illa
349 3818 405 3900 (de
421 3831 459 3883 tr.
478 3818 538 3900 ΙΙΙ,
554 3832 604 3900 38,
620 3827 713 3905 440):
745 3822 841 3903 Quia
858 3840 947 3912 patre
966 3830 1110 3915 procedit
1133 3832 1248 3915 (ἐκπο-

140 3916 308 4012 ρεύεται),
341 3920 533 4000 significant,
559 3921 662 4006 ipsum
685 3925 725 3985 ab
745 3937 874 3999 aeterno
893 3941 927 3991 et
948 3934 1245 3999 consubstantialiter

139 4045 184 4086 ex
206 4034 337 4110 paterna
358 4019 516 4106 hypostasi
535 4019 659 4089 editum
678 4026 759 4105 esse3
787 4028 892 4091 omnia
904 4031 1001 4113 enim
1021 4038 1176 4118 processio
1192 4054 1245 4124 per

107 4120 111 4129 '
135 4124 296 4225 mist&
307 4132 340 4189 et
358 4121 473 4223 similia
489 4122 673 4211 perfinitum
699 4126 759 4191 ulti
770 4140 879 4195 autern
892 4149 935 4195 ex
949 4129 1024 4199 Deo
1036 4136 1242 4215 generatione

63 4230 149 4493 ιι,
279 4364 283 4377 l

109 4444 126 4483 .'’
187 4456 191 4461 ·

239 4653 242 4661 “
353 4660 369 4683 ιν
