2572 4770
129 315 180 381 20
510 299 597 396 cap.
620 302 654 371 Ῑ.
711 298 858 370 Critica.

76 536 83 547 .
131 501 165 555 et
180 486 361 572 incorrupta
374 482 517 570 possent;
547 479 665 547 deinde
679 495 715 546 ut
727 483 947 549 hebraicorum
961 480 1101 546 fontium
1113 480 1245 547 intent:

128 589 237 673 gentis
250 608 309 675 per
322 585 503 659 versionum
516 585 704 649 varietatem
718 583 932 665 adjuvaretur.
964 580 1029 646 Sed
1045 582 1134 646 aliud
1147 585 1242 648 fuisse

131 691 296 757 confilium
310 685 459 768 Origeuis
470 686 505 749 in
521 684 717 749 conficiendo
731 686 788 749 illo
802 704 915 770 opere,
937 682 1072 748 ostendit
1079 684 1153 748 Joh.
1162 683 1243 748 Mo·

126 790 220 858 'rinus
235 791 257 854 l.
271 789 312 868 1.,
341 784 397 850 ubi
417 786 521 850 statim
537 788 607 872 post
623 788 721 850 verba
741 784 871 848 laudata
890 785 1010 870 pergit:
1039 806 1135 866 „non
1153 784 1243 873 quod

129 891 187 956 itta
209 887 331 965 deesse,
357 887 436 949 haee
455 907 532 949 vero
554 887 711 972 superesse
732 886 942 963 existimaret,
974 883 1027 947 sed
1049 885 1244 969 ostenderet,

131 1011 215 1079 quae
235 985 387 1072 Judaei
375 1009 412 1050 ιιι
438 986 687 1051 Christianorum
715 999 805 1051 textu
832 985 968 1049 deficere
995 996 1051 1049 aut
1077 984 1245 1050 abundare

132 1087 311 1193 dicerent„
319 1107 400 1174 quae
421 1085 592 1165 adderent,
617 1109 699 1174 quae
720 1091 911 1165 resecarent,
941 1108 1004 1172 quo
1019 1082 1059 1148 ad
1074 1100 1244 1150 concerta-

131 1191 256 1257 tionem
273 1209 348 1252 curn
369 1185 500 1251 Judaeis
519 1188 733 1278 instructiores
755 1187 922 1252 Christiani
949 1184 1132 1274 prodirent,
1160 1209 1245 1275 pro-

130 1291 273 1383 priisque
294 1280 434 1374 ipsorum
454 1291 568 1368 armis,
601 1289 715 1353 alienis
741 1288 887 1368 desertis,
916 1289 990 1352 illos
1019 1287 1244 1380 confoderent

131 1412 258 1458 necnon
271 1404 457 1471 argumenta
478 1387 685 1479 explicandae
706 1402 739 1455 et
749 1387 951 1453 illustrandae
966 1388 1089 1456 Lxx
1078 1402 1245 1476 interpre-

131 1504 203 1558 tum
218 1492 417 1555 translationi
437 1491 670 1579 depromerent.
679 1491 700 1525 ’'
748 1489 877 1553 Etenim
897 1511 970 1553 cum
990 1490 1025 1552 in
1047 1487 1244 1576 disputatio-

131 1594 226 1657 nibus
245 1603 278 1654 et
297 1594 509 1675 congressibus
527 1593 593 1655 five
608 1592 740 1677 privatis
759 1592 823 1655 five
842 1593 976 1678 publicis
990 1591 1245 1657 Christianorum

131 1710 207 1759 eum
221 1688 353 1769 iudaeis
365 1674 478 1756 ht'tttis
492 1691 532 1755 de
545 1693 752 1755 manslatione
765 1714 874 1775 graeca
894 1692 1071 1756 testimonia
1084 1704 1246 1757 mutuan-

130 1794 218 1859 tibus
238 1793 483 1879 exprobrarent,
513 1794 570 1856 illa
590 1792 688 1856 modo
708 1815 774 1855 non
792 1792 904 1857 haberi
925 1795 959 1856 in
979 1796 1118 1858 hebraeo
1136 1794 1243 1875 tonte,

129 1894 230 1961 modo
244 1897 337 1959 aliter
347 1892 537 1981 explicanda
550 1895 631 1973 esse,
650 1897 742 1981 saepe
757 1895 856 1956 etiam
869 1916 911 1957 ex
917 1895 1065 1958 Hebraeo
1082 1893 1242 1981 quaedam

131 1997 324 2077 objicerent,
346 1996 482 2081 quaein
500 1993 621 2060 Graeco
640 2015 706 2057 non
718 1992 1242 2082 deprehenderenturaorigenes,

130 2109 168 2161 ιιι
179 2099 241 2161 hoc
254 2096 495 2161 incommodum
515 2107 654 2174 curaret,
686 2107 813 2159 textum
826 2093 1068 2159 Alexandrinae
1087 2096 1243 2162 verfionis

128 2199 215 2263 souti
231 2198 371 2263 hebraeo
391 2199 589 2260 conformem
608 2194 743 2260 reddere
764 2218 799 2258 ac
822 2196 919 2258 talem
941 2196 1157 2260 recensionem
1177 2180 1243 2261 ex-

84 2308 89 2313 '
129 2298 243 2362 hibere
255 2299 376 2375 voluit,
403 2315 465 2383 qua
479 2293 572 2360 Chris
558 2296 647 2358 stiani
666 2299 702 2359 in
721 2298 942 2358 controversiis
961 2318 1033 2358 curn
1047 2295 1178 2361 Judaeis
1192 2298 1242 2360 uti

29 2425 33 2441 ·
129 2396 263 2489 possent.
319 2395 421 2461 Aliud
443 2394 610 2458 accedebat
631 2395 852 2474 commodum,
883 2397 1117 2460 ecclesiasticae
1123 2397 1243 2461 scilicet

130 2495 346 2562 translationis
367 2493 554 2575 elucidatio,
575 2516 665 2586 quae
686 2499 737 2560 his
755 2497 960 2560 uarrietatibus
980 2508 1013 2558 et
1025 2500 1183 2562 novarum
1198 2518 1241 2562 ex

128 2599 278 2668 Hebraeo
300 2576 546 2659 translationum
566 2598 734 2662 collatione
751 2614 817 2662 nou
831 2617 945 2683 parum
962 2599 1131 2676 juvabatur
1147 2598 1241 2661 etil-

129 2701 328 2766 lustrabatur.
389 2691 527 2775 (Eadem
560 2690 629 2761 sere
658 2698 794 2762 Huetius
828 2700 934 2761 statuit
970 2697 1240 2778 Origenianomm

129 2798 403 2885 rib.111.p..rca
426 2794 476 2858 ed.
498 2794 566 2860 Col.
587 2800 693 2876 1685.)
739 2796 911 2862 Resliita
934 2797 1114 2861 sesehabet
1121 2818 1239 2884 ‚opus

130 2899 264 2993 quidem
279 2899 422 2964 criticum
436 2897 572 2959 conserit
583 2896 759 2981 Origenes
774 2900 952 2963 consilium
971 2918 1048 2961 uero
1069 2902 1140 2978 ejus
1155 2923 1240 2964 con-

129 2998 261 3069 ssciendi
281 3021 346 3064 non
373 2997 436 3062 suit
456 2997 617 3078 criticum,
654 2998 707 3062 sed
727 3003 927 3082 exegetico-
942 2989 1145 3086 polemicum.
1197 3000 1238 3064 Et

127 3088 196 3169 id
185 3113 232 3165 tta
251 3101 332 3176 esse,
364 3098 430 3183 ipse
450 3096 556 3159 dicit
546 3121 579 3160 ιιι
603 3121 654 3188 ep.
676 3099 716 3162 ad
734 3099 876 3165 African.
936 3102 1117 3186 Suspicatus
1139 3100 1238 3180 enim,

129 3202 294 3271 historiam
309 3199 469 3263 Susannae
491 3199 600 3262 olim
590 3216 624 3262 ιιι
645 3202 802 3264 hebraicis
822 3192 1057 3288 exemplaribus
1075 3203 1238 3283 exstitisse,

129 3302 186 3371 sad
199 3305 239 3365 ab
258 3298 390 3366 Judaeis
410 3298 487 3364 inde
507 3301 693 3364 subtractam
719 3304 800 3380 esse,
822 3305 932 3367 multis
952 3288 1112 3392 exemplis
1133 3304 1238 3387 docet,

127 3405 168 3473 ‘iu
194 3403 287 3467 sacris
312 3400 400 3464 libris
427 3401 542 3464 alicubi
569 3401 661 3485 plura
690 3402 754 3464 else
779 3403 814 3464 in
835 3405 980 3467 versione
1004 3404 1239 3488 Alexandrina,

78 3513 82 3519 '
130 3518 228 3597 quarn
242 3501 326 3588 apud
339 3503 520 3582 Hebraeos,
548 3502 662 3564 alicubi
682 3521 758 3565 vero
776 3506 941 3588 pauciora,
969 3518 1002 3569 et
1016 3504 1241 3587 indignabun-

130 3604 193 3671 dus
218 3602 294 3667 dicit
311 3600 467 3664 Africano
495 3604 574 3680 (rol.
595 3601 675 3690 tp
693 3615 740 3670 to.
770 3608 797 3722 l³
813 3608 866 3684 4)
892 3600 979 3690 Ὥρα
999 3599 1091 3693 [ορα]
1115 3602 1241 3686 τοίνυν,

129 3699 225 3792 ειμι,
245 3690 440 3766 λανθάνιι“
423 3700 512 3784 ημᾶς
527 3698 568 3765 τὰ
585 3703 742 3783 τοιαῦτα,
766 3694 902 3768 ἀθετεῖν
918 3725 961 3768 τοι
948 3699 1014 3769 ἐν
1027 3709 1102 3782 ταῖς
1114 3704 1241 3792 διαλη-

130 3801 225 3882 σιιιις
238 3792 621 3926 ueprirrauodniyoocpa,
643 3826 699 3868 aar
691 3752 986 3891 νομοτεθῆοαι
961 3827 996 3866 τι
986 3798 1238 3894 Ῑᾶδελφότητι,

129 3896 385 3972 ὃποθὲσθαι
342 3924 404 3984 μιν
415 3899 476 3977 τὰς
491 3896 575 3987 παρ’
589 3898 702 3980 αὐτοῖς
716 3899 989 3989 ἐπιφερομένας
978 3906 1071 3991 reads
1086 3903 1240 4028 βίβλοις,

130 3995 326 4070 »omnmo
344 4000 382 4068 δὲ
396 3994 574 4077 Ἰουδαίοις
597 4025 653 4067 και
679 4002 830 4079 πείθειν,
863 3999 918 4066 ἵνα
940 4000 1176 4086 μιιαόιῦσινζ
1158 4014 1240 4096 ημῖν

129 4101 196 4165 τῶν
218 4101 395 4189 καθαρῶν,
430 4101 488 4165 ιιιιι
508 4100 612 4188 μηδὲν
632 4097 772 4185 πλάσμα
790 4097 938 4184 ἐχόντων.
988 4095 1054 4191 α’ροι
1078 4130 1115 4174 τι
1135 4101 1241 4197 καὶῆ

17 4298 22 4307 Ι
130 4190 276 4289 πρόνοια
298 4196 336 4271 ἐν
360 4190 478 4291 cysare
493 4204 638 4290 γραφαῖς
662 4203 826 4277 δεδωκυῖα
844 4200 972 4284 πάσαις
988 4209 1062 4286 ταῖς
1080 4204 1241 4297 Χριοιοὺ
