2572 4770
378 284 553 377 Origmec
573 280 861 387 (Clerijlologrie).
1097 288 1179 377 m

64 466 298 546 exstrueretur,
329 463 515 546 augendum
539 483 619 529 vero
646 465 911 552 consequentibus
936 465 1134 553 temporibus
1142 464 1180 547 ,ξ’

65 576 101 628 et
122 586 142 626 o
162 565 218 628 lib.
232 565 277 643 II,
298 573 350 632 te.
371 589 404 651 p.
420 574 491 633 tm.
509 572 591 645 428,
618 568 675 630 ubi
694 565 960 631 consiliumillud
978 567 1179 651 ineoponit,
1234 594 1237 601 ·

46 659 120 771 ὲῖνα
141 658 188 749 μὴ
210 657 313 743 μόνον
331 658 484 745 otiosos&
503 678 602 728 τινων
620 654 643 752 ᾗ
659 663 702 729 τὰ
721 660 879 749 γενόμενα
891 659 959 732 ὑπὸ
972 663 1032 729 τοῦ
1047 656 1179 748 κυρίου,

10 742 47 803 ³⁸
59 757 220 828 ’ἀλλὰκαὶ
232 756 378 828 αὐτόθεν
390 758 584 853 προςαγάγῃ
596 758 988 853 πολλούςοῇθοομαοίᾳ
1001 763 1064 829 τοῦ
1076 756 1180 849 etiay-
1232 800 1238 815 -·

65 859 181 950 yesiov
200 858 412 952 διδασκαλίᾳ.
454 865 554 931 ltecte
572 869 661 931 enim
676 869 733 931 ille
751 869 905 932 miracula
925 888 983 952 pro
1004 865 1052 929 eis
1069 865 1179 946 habet,

64 967 183 1051 quibus
196 965 507 1043 majorasuccedant.
551 966 771 1047 „Dixerim”,
791 968 898 1054 pergit
909 967 973 1046 ib,
994 966 1068 1032 Jesu
1082 965 1201 1053 disci-¹

63 1067 160 1152 pulos
190 1064 365 1129 secundum
390 1069 459 1145 ejus
487 1070 674 1153 promissum
700 1071 821 1148 majora
850 1069 986 1159 patrasse
1013 1067 1179 1148 miracula,
1244 1134 1247 1141 ,

66 1185 164 1252 quam
185 1165 344 1245 illelom,
374 1187 457 1252 quae
477 1170 533 1231 sub
554 1171 680 1235 sensum
700 1167 865 1234 cadebant.
916 1165 1071 1251 Quotidie
1089 1166 1180 1233 enim

64 1270 222 1352 patefiunt
238 1267 323 1328 oculi
340 1287 470 1343 eorum,
497 1269 553 1354 qui
571 1281 682 1333 mente
701 1271 785 1334 caeci
802 1281 913 1351 erant;
939 1286 1033 1331 aures
1052 1287 1179 1349 eorum,

65 1368 122 1453 qui
141 1366 182 1430 ad
205 1388 318 1430 vocem
338 1366 445 1448 illiue,
478 1369 534 1455 qui
554 1389 611 1434 eos
629 1368 671 1433 ed
690 1371 843 1444 virtutem
858 1369 1061 1447 hortabatur,
1088 1379 1180 1433 erant

63 1466 168 1547 sordi,
203 1465 296 1529 avide
317 1464 469 1547 audiunt,
504 1489 586 1554 quae
607 1468 649 1534 ds
670 1471 741 1537 Deo
762 1473 917 1558 beataque
938 1470 1005 1531 vita
1024 1466 1111 1555 apud
1131 1469 1179 1531 is·-

62 1568 136 1629 lum
154 1566 479 1650 fruendadicuntu13
511 1570 608 1632 multi
629 1571 684 1658 qui
703 1570 808 1634 claudi
829 1583 919 1633 erant
939 1567 1046 1656 quoad
1064 1568 1180 1632 homi-
1245 1570 1249 1583 “

63 1668 160 1745 nem,
184 1679 220 1729 ut
234 1669 383 1754 scriptura
396 1681 505 1748 vocet,
522 1670 726 1752 interiorem,
746 1694 831 1735 nuuc
845 1670 986 1734 doctrina
997 1669 1096 1732 sanati
1110 1689 1178 1732 uon

59 1766 248 1854 ¹simpliciter
263 1769 396 1847 saliunt,
424 1767 480 1830 sed
493 1770 608 1833 t'aliunt
626 1782 661 1832 ut
684 1792 796 1835 cervus
813 1773 965 1833 infestum
978 1770 1178 1855 serpentibus

63 1871 201 1951 animal,
231 1881 264 1931 et
282 1869 333 1930 cui
349 1869 533 1953 viperarum
551 1871 641 1932 virus
660 1891 756 1934 omne
772 1891 887 1934 nocere
901 1891 969 1932 non
980 1872 1091 1955 potest.
1134 1869 1179 1933 Hi

65 1973 172 2050 enim,
201 1972 366 2055 postquam
384 1970 484 2030 senati
504 1970 591 2048 sunt,
618 1970 775 2054 accipiunt
789 1992 808 2032 a
820 1969 892 2034 Jesu
908 1973 1097 2056 potestatem
1108 1973 1179 2032 eal-

65 2070 161 2135 candi
181 2071 222 2131 iis
244 2069 397 2155 pedibus,
425 2071 540 2154 quibus
561 2078 654 2130 antea
672 2071 719 2130 uti
737 2091 803 2132 non
821 2081 984 2155 poterant,
1016 2072 1179 2156 serpentes
1222 2142 1226 2150 ¹

62 2185 97 2236 et
116 2170 297 2255 scorpiones
315 2170 474 2251 malitiae,
507 2181 602 2256 atque
622 2167 703 2232 adeo
721 2181 823 2233 totam
834 2170 963 2233 inimici
981 2171 1178 2256 potentiam3

62 2271 161 2358 idque
176 2262 423 2336 nulso'vulueris
438 2272 596 2357 periculo,
624 2283 735 2357 utpote
750 2272 795 2333 ita
808 2273 910 2335 sortes
920 2272 1016 2352 sacti,
1035 2274 1178 2337 utnulla

61 2374 224 2461 potentia,
252 2375 379 2435 nullum
399 2370 595 2434 daemonum
615 2372 703 2436 virus
720 2358 849 2435 laedere
862 2358 939 2436 illos'
953 2374 1087 2459 queat.’'
1127 2374 1179 2441 Ite

62 2494 166 2559 aeque
187 2493 264 2534 vere
289 2472 372 2538 dixit
393 2496 420 2536 c.
442 2472 521 2537 Cels.
542 2472 586 2552 ll,
611 2471 669 2539 ⁵7,
690 2495 722 2558 p.
743 2481 821 2539 481:
864 2473 959 2554 „Hac
981 2476 1178 2562 potissimum

62 2576 155 2638 causa
173 2573 280 2637 Jesour
300 2572 498 2657 adpludaeos
520 2573 644 2659 potius,
671 2573 829 2659 quomod
845 2575 942 2637 aliam
961 2588 1089 2655 gentem
1112 2570 1186 2641 ve-'

62 2676 143 2738 uisse
164 2675 314 2755 arbitror,
349 2674 436 2764 quod
454 2674 616 2737 miraculis
638 2674 802 2737 assuefacti
827 2687 935 2754 erant,
966 2688 1004 2739 ut
1025 2676 1179 2745 videlicet

63 2775 268 2841 conserendis
294 2778 351 2856 iis,
388 2796 470 2862 quae
495 2772 613 2837 credita
634 2775 779 2854 fuerant,
813 2774 996 2856 cumatile,
1029 2780 1113 2865 quae
1134 2782 1176 2843 ab

61 2879 135 2943 Jelu
148 2879 286 2957 fiebant,
313 2888 345 2940 et
360 2874 400 2939 de
411 2877 666 2938 illo'serebantur
688 2873 784 2959 (περὶ
803 2867 908 2940 αὐτοῦ
926 2868 1174 2961 ἱστορούμενα),

61 2979 195 3043 tandem
215 2979 417 3060 agnoscerent
436 2997 528 3054 eum,
555 2996 574 3037 a
597 2996 659 3060 quo
680 2988 713 3037 et
725 2988 962 3064 propterquam
975 2982 1095 3056 majora
1112 3001 1178 3066 pa-

60 3083 227 3143 trabantur
246 3092 342 3165 atque
359 3076 594 3140 incredibiliora
610 3077 781 3157 miracula,
808 3083 963 3157 majorem
983 3078 1049 3145 illis
1064 3081 1178 3144 omni.

59 3185 124 3246 bus
139 3184 202 3243 esse
218 3181 273 3267 qui
285 3177 541 3266 processerant,’'
567 3198 622 3256 ac,
651 3180 793 3261 respectu
811 3199 940 3264 quoque
955 3179 1066 3242 habito
1087 3183 1177 3245 veti-

61 3284 221 3347 ciniorum
234 3283 362 3346 Veteris
376 3280 415 3344 T.
436 3279 477 3342 de
493 3278 614 3345 Christo
628 3280 727 3364 (quae
742 3300 768 3341 c.
783 3275 861 3341 Cels.
872 3276 899 3341 I.
916 3299 948 3364 p.
965 3289 1025 3344 865
1038 3283 1103 3368 sqq.
1111 3326 1121 3357 ,
1142 3292 1177 3345 et

58 3378 104 3451 lb
124 3405 155 3470 p.
164 3391 223 3449 stt
234 3385 298 3468 sqq.
311 3394 419 3443 contra
432 3380 588 3461 gnosticos
603 3376 764 3459 desendit)
778 3389 812 3440 et
824 3376 1071 3460 miraculorum,
1091 3403 1176 3467 quae

60 3487 162 3548 etiam
180 3483 329 3564 Origenis
348 3480 544 3567 temporibus
564 3501 621 3567 per
640 3477 834 3545 Christianos
853 3478 1074 3547 efficiebantur
1096 3486 1176 3567 (que

60 3583 103 3647 de
127 3597 261 3670 utraque
286 3603 320 3644 re
339 3582 424 3643 infra
448 3581 576 3644 dicendi
597 3581 817 3667 opportunitas
840 3581 915 3663 erit)
945 3604 971 3646 c.
992 3581 1069 3647 Cels.
1091 3568 1118 3661 i,
1141 3597 1174 3650 2.
1204 3626 1206 3631 ·

58 3707 94 3773 p.
110 3695 190 3752 320:
229 3683 384 3764 „Adjicio
409 3680 584 3753 doctrinam
606 3682 808 3771 christianam
821 3682 876 3743 sua
891 3681 1030 3767 quadam
1046 3684 1176 3769 propria

58 3788 185 3851 ratione
200 3783 419 3847 demonstrari.
461 3781 583 3845 Divina
598 3785 644 3845 est
659 3784 738 3846 haec
752 3783 831 3847 ratio
843 3795 876 3846 et
887 3780 928 3845 ad
942 3803 1014 3847 eam
1030 3781 1175 3849 Graeco-

58 3906 135 3950 rum
155 3883 318 3949 dialectica
339 3907 379 3947 ne
394 3885 570 3970 comparari
585 3882 715 3969 quidem
730 3886 842 3970 potest.
885 3883 979 3948 Illam
998 3885 1089 3947 sitam
1110 3886 1175 3952 effe

60 3986 158 4052 (locet
180 3988 340 4074 apostolus
358 3988 391 4066 (t
408 3983 479 4050 Gor.
494 3983 538 4066 H,
552 3991 588 4066 4)
604 3987 641 4049 in
653 3986 827 4049 ostensione
844 3986 971 4071 spiritus
984 3996 1016 4046 et
1027 3985 1176 4073 virtutis,

60 4089 199 4177 spiritus
212 4086 342 4175 quidem
361 4099 492 4175 propter
510 4089 711 4174 prophetias,
739 4108 873 4176 quarum
891 4085 1035 4149 omnium
1048 4089 1175 4175 perspi-

63 4193 166 4258 cuitas
183 4202 217 4256 et
233 4189 396 4258 evidentia
416 4189 566 4277 quemvis
578 4193 730 4258 lectorem
742 4207 933 4277 permovere
943 4188 1065 4277 potest,
1078 4201 1121 4287 ¹ut
1133 4210 1174 4258 es
