2572 4770
361 323 531 464 Origenea
563 368 849 465 (christologio).
1090 379 1164 452 24³

52 573 140 633 ram3
175 544 272 617 itaet
293 551 386 616 fuine
409 549 541 639 quidem
562 550 598 615 in
611 550 735 617 Christo
754 552 897 617 hnmana
918 565 952 617 et
968 554 1167 627 rationabilis

39 646 162 720 ¹anima
176 652 335 719 credenda
352 655 413 733 est,
438 665 471 715 et
491 653 617 715 nullum
631 652 755 716 sensum
770 657 824 718 vel
840 655 1076 741 possibilitatem
1092 676 1168 723 eam

52 755 235 845 putandum
263 756 309 817 est
334 748 483 816 babuisse
503 751 637 839 peccati.
694 753 751 818 Ad
776 756 954 842 pleniorem
984 766 1095 819 tamen
1118 755 1170 823 rei

24 912 27 917 .
53 857 316 944 explanationem
340 875 405 937 non
428 848 557 917 videtur
575 849 763 935 absurdum,
797 856 940 919 fietiam
959 854 1171 924 similitudine

53 957 161 1043 aliqua
177 964 324 1034 utamur,
344 954 419 1015 licet
432 952 466 1014 in
480 965 594 1017 retem
606 953 706 1017 ardua
719 967 848 1042 tamque
861 954 983 1019 difficili
996 972 1170 1022 neexem'-
1251 992 1254 997 ·

53 1059 118 1145 plis
130 1055 261 1143 quidem
280 1054 327 1115 uti
343 1050 520 1118 commodis
535 1056 627 1141 copia
639 1056 694 1126 est
737 1055 862 1119 Tamen
874 1068 917 1121 ιιι
926 1057 1044 1141 absque
1058 1056 1170 1145 aliquo

53 1154 249 1245 praejudicio
265 1153 426 1233 dicamus,
455 1153 534 1217 ferri
552 1156 721 1217 metallum
741 1177 841 1242 capax
861 1158 906 1219 est
922 1156 1049 1238 frigoris
1062 1169 1095 1222 et
1109 1179 1171 1223 ca-

53 1259 143 1322 lorie.
195 1254 231 1318 Si
254 1275 329 1336 ergo
353 1256 449 1316 ineisa
476 1255 582 1341 aliqua
606 1255 684 1319 ferri
707 1255 863 1343 semper
852 1278 888 1318 m
908 1256 982 1337 igne
993 1244 1041 1319 lit
1055 1259 1170 1344 posita,

56 1357 209 1420 omnibus
223 1354 285 1418 suia
300 1357 386 1441 poris
402 1355 615 1470 omnibusque
626 1356 718 1420 venie
732 1357 839 1438 ignem
853 1358 1027 1443 recipiens,
1051 1372 1083 1422 at
1100 1370 1170 1429 tota

53 1458 141 1538 ignia
155 1456 283 1534 effecta,
305 1458 330 1518 ti
347 1477 452 1542 neque
463 1455 546 1535 ignia
560 1457 599 1517 ab
612 1477 650 1523 ea
667 1458 761 1519 cel'set
774 1457 962 1544 aliquando,
986 1478 1091 1546 neque
1104 1462 1172 1549 ipsa

55 1557 128 1621 ab'
118 1577 193 1638 rgne
210 1558 389 1642 separetur,
419 1575 498 1619 uum
511 1553 665 1668 quidnam
679 1550 821 1621 dicemus
834 1560 935 1634 hanc,
959 1580 1041 1646 (puae
1056 1574 1171 1627 natura

56 1657 189 1746 quidem
203 1659 280 1721 ferri
293 1659 391 1720 massa
408 1660 468 1736 est,
493 1657 526 1717 in
541 1655 615 1735 igne
630 1658 763 1740 politam
777 1669 810 1720 et
822 1658 1038 1725 indesinenter
1050 1661 1173 1727 arden-

52 1769 124 1821 tem
143 1760 230 1843 posse
250 1759 352 1838 frigus
373 1705 726 1842 aliqultndorecipere?
756 1756 930 1839 Quinimo,
957 1759 1043 1844 quod
1061 1763 1173 1828 verim
1257 1790 1261 1797 ·

57 1861 119 1938 est,
152 1859 256 1938 magis
275 1877 349 1919 eam
369 1858 448 1919 ficut
468 1856 504 1916 in
524 1855 705 1916 fornacibus
725 1857 820 1943 saepe
840 1859 912 1920 fieri
932 1861 1031 1922 oculis
1051 1858 1174 1947 depre-

55 1957 248 2035 hendimus,
270 1968 371 2019 totam
386 1956 497 2035 ignem
508 1954 654 2016 affectatu
671 1952 821 2037 dicimus,
842 1960 995 2046 quoniam
1010 1980 1069 2022 nec
1084 1960 1176 2028 aliud

56 2061 93 2125 in
114 2080 153 2123 ea
174 2060 233 2122 nili
251 2057 335 2139 iguis
350 2056 507 2135 cernitur3
533 2053 589 2117 sed
611 2066 643 2117 et
657 2055 748 2140 tiqui
762 2059 944 2147 coptingere
960 2071 1054 2143 atque
1071 2070 1177 2125 attre-

58 2174 145 2228 ctare
164 2159 351 2238 tentaverit,
378 2178 445 2219 nou
464 2159 559 2237 ferri,
578 2156 641 2220 sed
660 2156 742 2237 ignia
764 2157 831 2219 vim
845 2159 967 2221 sentiet.
1010 2162 1080 2224 Hoc
1097 2182 1176 2244 ergo

57 2259 158 2326 modo
176 2260 274 2323 etiam
292 2261 349 2322 illa
372 2259 498 2337 anima,
525 2280 607 2344 eptae
621 2259 709 2344 quali
723 2260 846 2321 serrum
861 2261 895 2321 in
912 2261 1003 2341 igne,
1031 2264 1073 2325 fic
1086 2265 1177 2328 sem·

57 2384 118 2452 per
132 2363 168 2424 in
183 2363 300 2440 verbo,
327 2359 478 2446 semper'
468 2380 504 2420 ιιι
522 2360 696 2447 sapientia,
723 2361 876 2446 semper
865 2382 901 2422 an
915 2359 987 2424 Deo
1002 2364 1101 2447 posita
1117 2368 1176 2447 est,

58 2483 159 2529 omne
182 2460 272 2555 quod
289 2461 369 2541 agit,
398 2459 484 2545 quod
503 2461 615 2540 sentit,
642 2458 727 2546 quod
751 2461 919 2543 intelligit,
949 2458 1040 2526 Deus
1055 2466 1116 2546 est
1142 2476 1177 2531 et

58 2563 136 2628 ideo
158 2585 217 2625 nec
240 2546 456 2626 convertibilis
477 2573 533 2624 aut
552 2562 716 2624 mutabilis
738 2558 801 2622 dici
821 2565 938 2646 potest,
963 2565 1045 2649 qu'ae
1059 2566 1179 2630 incon

44 2665 301 2729 -uertibilitatem
321 2684 365 2725 ex
383 2662 475 2724 verbi
494 2660 558 2726 Dei
578 2663 700 2724 unitate
712 2659 964 2727 indesinenter
953 2665 1052 2753 agnita
1068 2669 1178 2751 polie-

60 2763 119 2829 dit.
165 2763 223 2829 Ad
240 2784 354 2826 ornnes
373 2761 512 2849 denique
530 2763 653 2826 sanctas
673 2763 758 2824 calor
777 2762 893 2848 aliquis
917 2758 1007 2837 veihi
1025 2764 1090 2830 Dei
1110 2789 1181 2854 pu-

59 2863 178 2937 tandus
195 2866 239 2927 est
253 2864 449 2951 pervenisse,
479 2863 514 2925 in
530 2864 593 2925 hac
615 2874 724 2925 autem
742 2863 849 2927 anima
865 2864 931 2949 ipse
948 2866 1030 2946 ignia
1048 2864 1179 2934 divinoe

60 2967 305 3033 substantialiter
329 2964 519 3050 requievisse
545 2961 723 3027 credendus
749 2965 811 3042 est,
843 2984 886 3026 ex
908 2986 973 3051 quo
994 2965 1035 3028 ad
1055 2980 1180 3036 cataroe

62 3071 151 3141 calor
170 3066 468 3155 aliquiauenerit..
516 3062 571 3129 Illi
591 3064 626 3127 in
650 3062 753 3155 odore!
767 3075 1005 3151 unguentorum
1025 3071 1096 3148 ejua
1117 3092 1181 3135 cu..

62 3170 193 3235 currilse
213 3166 379 3248 dicuntur,
405 3168 462 3230 illa
482 3178 592 3230 autem
607 3165 712 3229 anima
726 3166 893 3229 vasculum
912 3171 1069 3248 unguenti
1082 3172 1181 3258 ipfiue

61 3272 159 3349 fecit,
184 3292 227 3357 ex
242 3272 331 3350 cujue
344 3268 516 3351 fragrantia
530 3267 754 3354 participantes
766 3265 855 3346 digni
868 3268 987 3354 quique
1002 3274 1182 3358 prophetae
1217 3282 1227 3350 ’,

62 3374 186 3437 fiebant
205 3384 239 3433 et
258 3370 401 3456 apostoli.
452 3368 541 3463 Sicm
560 3390 636 3450 ergo
660 3364 747 3430 aliud
768 3369 813 3429 est
830 3369 985 3447 unguenti
1000 3372 1183 3453 substantia,

62 3470 156 3537 aliud
174 3469 255 3536 odor
270 3471 357 3551 eiua,
383 3471 429 3533 ita
444 3466 532 3531 aliud
544 3473 589 3531 est
603 3468 761 3545 Christus,
791 3479 824 3530 et
841 3467 928 3531 aliud
942 3470 1112 3556 participes
1122 3471 1183 3537 sui.

63 3574 108 3641 Et
119 3575 199 3639 ficut
213 3594 270 3636 vas
278 3573 404 3657 ipsum,
428 3569 516 3656 quod
531 3570 732 3632 substantiam
747 3568 887 3631 continet
898 3570 1069 3650 unguenti,
1089 3572 1182 3635 nullo

63 3695 185 3758 genere
206 3676 312 3761 potest
323 3670 444 3757 aliquid
459 3671 599 3758 recipere
611 3672 762 3748 foetoris,
788 3670 930 3749 hiveru,
957 3671 1012 3756 qui
1027 3669 1184 3738 exodore
1237 3724 1241 3731 .

64 3779 137 3856 ejus
152 3774 358 3863 participant,
386 3774 456 3835 fise
476 3773 573 3857 paulo
586 3772 712 3852 longius
726 3791 744 3832 a
760 3771 931 3851 fragrantia
945 3775 1014 3850 ejus
1029 3792 1185 3837 remove·

64 3878 149 3955 rint,
172 3876 319 3962 possibile
337 3876 382 3936 est
396 3885 432 3934 ut
445 3871 641 3935 incidentem
656 3873 809 3956 recipiant
822 3874 996 3935 foetorem:
1024 3871 1068 3933 ita
1084 3871 1183 3937 Chri-

65 3979 133 4042 stun
150 3977 244 4043 ¹velut
266 3998 324 4040 vae
344 3978 467 4061 ipsum,
501 3977 535 4038 in
554 3996 617 4060 quo
640 3986 707 4037 erat
728 3975 883 4055 unguenti
901 3972 1089 4050 substantia,
1114 3973 1186 4039 im.

64 4078 215 4166 possibile
230 4078 292 4140 suit
308 4089 343 4140 ut
355 4077 549 4139 contrarium
563 4075 716 4159 reciperet
733 4075 875 4137 odorent.
918 4073 1092 4158 l'articipee
1105 4088 1184 4140 veto

67 4182 140 4258 eiua
160 4198 258 4265 quam
275 4179 416 4265 proximi
433 4179 554 4240 luerint
567 4177 714 4254 vasculo,
743 4188 808 4235 tam
825 4172 932 4234 uelocis
944 4184 1038 4234 erunt
1051 4174 1187 4259 partiei-

66 4300 128 4373 pes
156 4292 192 4345 et
215 4298 386 4367 capaces,
443 4276 484 4343 lit
512 4279 558 4341 ita
584 4275 714 4364 quidem
742 4264 884 4355 λόγος,
927 4273 995 4360 qui
1025 4272 1183 4339 tutata

725 4372 801 4455 02
