2572 4770
151 265 200 329 76
382 294 391 323 t
454 254 541 348 Cap.
568 257 619 324 ΙῙ.
674 252 957 323 Hermeneutica.

124 482 127 489 -
150 434 270 499 ducere
280 437 425 521 repentia
438 448 471 499 et
484 435 626 498 volatilia
639 402 780 497 volatitia
794 436 816 495 i.
831 454 859 496 e.
874 433 1083 509 cogitationes
1092 432 1200 497 bonae
1212 433 1268 496 vel

151 534 253 597 malas
270 539 413 620 proferre
435 538 469 597 in
487 535 650 612 medium,
678 547 714 595 ut
727 532 873 595 discretio
889 537 944 596 liat
955 536 1114 597 bonorum
1128 554 1147 595 a
1162 533 1269 612 malis,

151 655 235 721 quae
257 638 365 720 utique
379 649 513 722 utraque
528 659 569 698 ex
582 633 675 698 corde
687 633 873 719 procedunt.
920 634 988 698 Nos
1007 632 1267 698 discernamus-a

151 737 254 813 bono,
282 735 368 821 quod
386 738 508 807 malum
530 741 589 814 ell,
615 736 636 796 i.
653 757 680 798 e.
701 740 882 820 separemus
901 736 1022 796 anobis
1036 753 1090 811 ea,
1114 752 1199 819 quae
1213 736 1268 819 lu-

150 828 210 924 per
229 848 348 898 terram
370 849 485 923 repunt
506 848 539 899 et
556 846 698 898 terrenas
716 834 946 897 sollicitudines
966 845 1096 913 gerunt3
1118 835 1177 896 illa
1189 856 1266 898 vero

152 957 236 1023 quae
260 938 393 999 meliora
418 940 487 998 sunt
512 937 532 997 i.
553 957 581 997 e.
602 936 745 996 volatilia
764 935 903 996 sinamus
925 937 1035 996 volare
1053 956 1120 996 rron
1139 947 1266 1001 tantum

152 1039 399 1122 superterram,
432 1036 602 1098 sedetiam
623 1033 796 1097 secundum
816 1036 1054 1095 firmamentum
1075 1037 1187 1115 coeli„
1208 1052 1266 1101 etc.

151 1136 312 1203 Deinde
330 1135 433 1200 Exod.
453 1135 479 1215 I,
497 1146 533 1201 15
555 1136 704 1216 leguntur
722 1136 819 1196 haec:
848 1134 941 1196 Dixit
957 1155 1015 1196 rex
1028 1134 1268 1221 Aegyptiorum

152 1238 370 1317 obstetricibus
385 1237 621 1298 Hebraeorum:
647 1284 654 1299 .
672 1284 679 1298 .
698 1223 779 1299 Cum
792 1235 1030 1297 obstetricabitis
1043 1236 1217 1317 Hebraeis,
1236 1251 1268 1302 et

151 1359 253 1426 prope
267 1348 394 1423 partum
406 1348 516 1412 erunt,
545 1337 570 1398 fi
585 1336 745 1397 masculus
759 1335 873 1413 suerit,
896 1334 1028 1397 occidite
1040 1335 1153 1415 illum,
1174 1340 1266 1402 fise-

153 1439 253 1516 mina,
269 1438 439 1501 vivificate.
468 1436 533 1498 Sed
545 1437 596 1499 hia
610 1433 791 1516 adjungitur
803 1436 837 1497 in
852 1437 1135 1522 consequentibus:
1157 1484 1188 1503 ..
1203 1460 1264 1502 nou

151 1541 315 1616 fecerunt,
345 1538 424 1600 sicut
445 1538 510 1600 illis
527 1549 729 1624 praeceperat
747 1548 813 1598 rex‘
826 1537 985 1622 Aegypti,
1012 1549 1046 1599 et
1064 1537 1265 1603 vivificabant

78 1690 81 1701 .
125 1642 128 1647 ’
153 1640 364 1703 masculos.
409 1638 447 1702 Iu
463 1640 541 1700 haec
553 1637 826 1718 verbaOrigener,
839 1640 962 1699 sensum
977 1638 1139 1700 occultum
1154 1652 1187 1703 et
1198 1642 1262 1707 tut

151 1741 350 1829 potissunum
381 1741 537 1802 moralem
569 1736 741 1816 indagans,
784 1740 912 1816 (homil.
936 1738 979 1802 Π.
1007 1739 1040 1800 in
1068 1738 1174 1804 Exod.
1200 1743 1261 1807 vot

152 1840 197 1920 Π,
214 1847 287 1922 133)
302 1843 346 1903 ita
358 1852 607 1922 commentatur:
628 1838 689 1901 ”Si
706 1836 879 1901 secundum
890 1840 1038 1902 historiae
1052 1841 1263 1905 narrationem

153 1940 353 2028 suscipienda
377 1943 492 2018 essent,
527 1960 609 2026 quae
635 1940 748 2025 scripta
776 1943 864 2018 sunt,
898 1938 1027 2002 videtur
1048 1941 1110 2004 boc
1131 1988 1164 2007 ..
1186 1946 1262 2006 stare

152 2063 220 2109 non
235 2045 332 2129 posse.
359 2041 433 2105 Non
445 2043 533 2104 enim
544 2043 753 2105 inveniuntur
761 2041 940 2104 obstetrices
951 2063 1017 2102 non
1028 2043 1201 2108 vivificasse
1212 2044 1263 2106 se-

154 2145 276 2223 minas,
297 2165 375 2229 quas
389 2143 550 2227 praecepit
567 2163 626 2213 rent
639 2142 782 2228 Aegypti
794 2143 966 2206 vivificare.
1008 2143 1049 2207 Et
1063 2145 1088 2206 li
1100 2165 1167 2208 non
1177 2147 1264 2208 fece-

111 2295 116 2303 ,
153 2258 230 2311 runt
242 2245 439 2319 obstetrices,
460 2243 538 2306 sicut
551 2261 609 2302 rex
621 2254 840 2326 praeceperat,
861 2242 1037 2307 debuerant
1049 2245 1180 2330 utique,
1191 2248 1263 2309 ficut

154 2346 313 2409 masculos
328 2343 532 2405 vivificabant
546 2351 654 2402 contra
665 2354 872 2428 praeceptum
885 2346 983 2425 regis,
1006 2346 1050 2406 ita
1062 2347 1201 2423 feminas
1213 2370 1263 2410 oc·

153 2444 277 2523 cidere,
308 2456 346 2504 ut
363 2455 395 2505 et
415 2445 475 2503 hoc
494 2442 570 2503 esset
584 2453 691 2503 contra
706 2456 909 2529 praeceptum
922 2447 1014 2524 regis.
1034 2496 1041 2511 .
1061 2494 1068 2509 .
1110 2447 1200 2511 Haec
1213 2450 1264 2511 in-

153 2547 249 2609 terim
271 2555 399 2629 propter
419 2563 491 2620 eos,
520 2543 576 2627 qui
589 2543 766 2616 amicisunt
782 2546 892 2606 literae
906 2558 937 2607 et
953 2568 1019 2608 non
1031 2558 1146 2631 putant
1162 2551 1265 2630 legem

152 2646 327 2733 spiritalem
356 2645 419 2705 esse
445 2654 478 2703 et
496 2643 675 2727 spiritaliter
701 2643 951 2725 intelligendam.
989 2644 1074 2737 ,Sed
1100 2668 1179 2727 nos,
1214 2647 1265 2735 qui

153 2748 280 2825 omnia,
303 2765 384 2831 quae
398 2744 510 2830 scripta
522 2746 610 2819 sunt,
637 2765 701 2806 non
715 2769 772 2828 pro
788 2747 1019 2809 narrationibus
1032 2747 1265 2833 antiquitatum,

152 2846 208 2926 sed
231 2869 289 2933 pro
311 2842 473 2930 disciplina
492 2857 525 2906 et
545 2845 680 2906 utilitate
702 2849 806 2911 nostra
834 2845 1003 2909 didicimus
1028 2849 1158 2934 scripta,
1189 2852 1265 2914 haer

152 2969 236 3035 quae
260 2950 410 3027 leguntur
438 2945 536 3013 etiam
567 2967 652 3008 nuuc
676 2948 747 3010 steri
771 2970 835 3011 non
860 2950 963 3011 solurn
987 2951 1020 3012 in
1049 2952 1111 3012 hoc
1134 2951 1264 3031 mundo,

151 3051 209 3135 qui
227 3048 395 3132 Aegyptus
413 3046 588 3125 figuraliter
615 3044 747 3126 dicitur,
781 3048 837 3111 sed
857 3051 891 3112 in
910 3071 1106 3136 unoquoque
1128 3054 1266 3117 nostrum

150 3146 459 3234 deprehendimus..
477 3196 485 3212 .
537 3146 641 3233 Saepe
660 3146 872 3230 ostendimus,
901 3151 988 3237 quod
1000 3153 1034 3214 in
1048 3153 1181 3216 seminia
1196 3174 1266 3216 caro

150 3260 185 3315 et
206 3249 337 3315 allectus
359 3249 461 3311 carnis
481 3246 677 3328 designatur,
704 3249 755 3313 vir
777 3264 885 3314 autem
902 3254 1099 3317 rationabilia
1117 3256 1223 3318 sensus
1235 3266 1285 3316 et·-

147 3350 376 3421 intellectualis
396 3350 434 3411 lit
453 3348 590 3434 spiritus.
650 3348 784 3413 Sensum
808 3364 917 3415 autem
936 3349 1179 3434 rationabilem,
1213 3338 1285 3441 qui¹

148 3454 254 3543 potest
266 3451 410 3513 coelestia
422 3451 541 3536 sapere,
562 3499 573 3514 .
588 3499 596 3519 .
612 3498 620 3518 .
636 3450 704 3514 odit
716 3453 840 3518 Pharao
854 3474 922 3531 rex,
945 3501 953 3520 .
968 3501 976 3518 .
990 3456 1078 3518 hunc
1088 3454 1197 3519 necari
1209 3477 1267 3519 cu-

148 3554 200 3643 pit
211 3565 244 3617 et
255 3551 406 3614 interimi.
422 3597 430 3614 .
478 3551 560 3614 Cum
575 3573 651 3631 ergo
664 3550 784 3616 videris
795 3555 944 3617 homines
958 3556 993 3617 in
1005 3557 1225 3644 voluptatibus
1236 3566 1268 3619 et

148 3653 275 3747 deliciis
286 3654 386 3715 vitam
400 3649 517 3714 ducere
540 3699 548 3719 .
568 3700 575 3719 .
597 3653 690 3734 scias,
718 3652 806 3740 quod
819 3654 854 3718 in
873 3655 938 3720 istis
950 3674 1008 3721 rex
1019 3656 1166 3744 Aegypti
1179 3660 1268 3721 matss

150 3756 241 3823 culos
252 3766 344 3816 necat
357 3765 388 3817 et
400 3752 541 3813 vivificat
552 3752 700 3819 feminae.
711 3803 731 3834 „
842 3798 845 3805 -

236 3853 355 3925 Sensus
373 3853 572 3940 spiritalis
592 3856 672 3917 haec
690 3856 752 3918 saut
768 3859 934 3942 exemplar
962 3858 1136 3923 Historiam
1150 3857 1267 3925 Adurni

146 3940 316 4044 §uomodo
328 3955 496 4035 allegorice
509 3955 735 4041 interpretatus
747 3959 786 4022 [it
798 3958 971 4042 Origenes,
990 3963 1073 4024 infra
1087 3959 1270 4025 videbimur

151 4056 189 4122 in
202 4054 402 4142 exponendis
419 4054 570 4136 Origenia
583 4058 748 4122 sententiis
767 4058 808 4121 de
823 4073 961 4145 peccato.
1010 4063 1132 4125 Hamil.
1145 4062 1189 4141 11,
1205 4062 1271 4128 flia

156 4155 273 4224 Geirei.
282 4159 348 4223 rol.
362 4155 408 4241 11,
418 4168 459 4226 63
475 4160 538 4245 sqq.
552 4159 695 4244 exposita
708 4160 836 4227 historia
850 4159 965 4231 litorii
977 4175 1011 4229 et
1022 4163 1175 4253 descripta
1188 4186 1272 4231 cort-

63 4352 207 4502 bt·
