2572 4770
527 202 686 312 Summo.
703 298 707 317 ,
1093 246 1165 314 881

54 419 158 501 reiicit
178 417 235 499 (de
253 416 433 482 testimonio
451 415 578 481 animae
592 441 619 482 c.
637 422 700 499 1.),
731 429 765 481 et
782 414 895 500 insigni
915 421 986 483 loco
1003 416 1045 483 de
1061 421 1170 489 anima

55 546 84 587 c.
101 536 130 588 7.
148 521 228 601 (vid.
242 518 475 585 Rolenmiilleri
488 521 558 585 hist.
573 520 736 605 interpret
748 521 804 583 lib.
818 523 842 584 s.
854 519 898 601 Il,
914 532 937 593 8,
944 522 1024 608 sqq.)
1038 542 1170 589 omnem

54 623 278 708 philosophiae
299 624 391 685 usum
421 622 455 684 in
484 620 645 701 theologia
676 618 815 685 damnat.
872 618 996 687 Pariter
1016 620 1172 689 Irenaeo·

54 722 168 804 gnosiu
198 722 285 808 quali
312 720 411 785 sidem
436 720 658 809 perfectiorem
684 720 785 799 rejicit
816 718 905 800 (adv.
928 722 1016 786 haer.
1036 721 1096 802 111,
1115 735 1170 789 27.

55 827 201 911 p.155);
235 832 424 909 tantumque
440 824 545 900 abest,
570 833 607 884 ut
626 841 738 884 arcana
758 819 913 907 quadam,
940 843 1021 909 quaa
1042 820 1084 885 ad
1105 825 1172 889 sese

55 923 257 1011 pervenerit,
291 921 461 987 traditione
482 922 651 1010 apostolica
673 921 866 1003 glorientur,
904 932 938 984 ut
963 935 997 987 et
1016 922 1171 991 Irenaeut

44 1027 97 1105 -(l.
113 1025 135 1087 l.
151 1023 211 1104 111,
227 1034 255 1090 8.
273 1026 306 1102 5)
322 1035 355 1086 et
363 1023 578 1087 Tertullianus
594 1024 739 1109 (praescr.
754 1023 841 1086 haer.
859 1044 886 1089 c.
900 1035 971 1105 223
994 1023 1170 1091 catsant.

57 1125 192 1205 Antign.
216 1147 248 1211 p.
267 1127 343 1206 334)
369 1125 480 1188 acriter
499 1135 608 1185 contra
627 1123 719 1184 istam
741 1121 927 1209 opinionem
947 1126 1169 1210 pugnaverint.

58 1222 205 1289 Medium
223 1226 292 1287 fere
309 1225 393 1288 inter
410 1225 563 1306 gnosticos
579 1236 612 1288 et
630 1222 840 1287 occidentales
856 1222 1001 1289 doctores
1018 1229 1173 1313 (quorum

57 1339 269 1410 utrorumque
290 1323 392 1389 studia
414 1325 564 1390 Neander
588 1323 621 1388 S.
640 1325 683 1389 V.
707 1322 864 1410 descripsit
891 1327 926 1392 iu
950 1327 1057 1391 librisr
1100 1325 1173 1396 Ge-

60 1438 128 1490 net.
157 1424 486 1507 Euttvickelungtder
512 1447 599 1488 vorz.
630 1426 728 1505 guast.
756 1423 837 1506 Syst
868 1438 902 1488 et
924 1425 1173 1509 Antignostikos
1207 1436 1209 1441 '

61 1526 148 1592 Geist
163 1524 219 1588 des
234 1525 463 1609 Tertullianus)
483 1527 591 1590 locum
608 1538 720 1591 tenent
730 1523 944 1589 Alexandrini
965 1530 1023 1608 (cs.
1036 1531 1171 1614 praeiet.

60 1625 202 1693 Neandri
214 1625 263 1695 ad
276 1627 520 1708 Antignostic.),
549 1627 667 1715 quippe
684 1627 739 1713 qui
760 1628 822 1707 (uti
838 1631 904 1708 jam
924 1641 1016 1692 antea
1030 1630 1173 1695 Justinue

10 1720 18 1823 ζ
60 1727 198 1809 lllartyr)
218 1727 437 1813 philosophiae
457 1729 549 1789 usum
572 1728 608 1789 in
626 1728 788 1807 theologia
808 1725 998 1808 concedant,
1028 1730 1081 1795 sed
1104 1754 1173 1797 uon

10 1834 18 1841 ‘
61 1830 116 1910 (fit
131 1830 226 1892 venia
240 1829 427 1905 verborum)
446 1826 696 1906 constitutivam,
722 1827 777 1892 sed
792 1828 1011 1892 illustratiram
1030 1832 1174 1895 auctori·-

10 1904 24 2013 ι,
59 1943 162 1993 tatem
188 1928 219 1989 ei
243 1928 426 2012 praebeant.
473 1924 511 1989 Id
539 1925 707 2012 quodiam
726 1929 760 1990 in
782 1929 991 2010 Athenagora
1015 1933 1063 2009 (et
1082 1930 1174 1994 Pan·-

21 2036 25 2043 '
60 2032 191 2108 saeuo),
221 2028 386 2089 clarissime
402 2046 479 2087 vero
495 2026 530 2087 in
544 2026 709 2091 Clemente
728 2039 762 2091 et
776 2027 918 2108 Origene
932 2030 1108 2114 conspicere
1125 2031 1174 2091 li-

10 2198 17 2211 ,
60 2143 122 2193 cet.
180 2128 292 2213 Neque
314 2125 503 2206 Dionysius,
531 2125 753 2209 Theognostus
777 2139 811 2191 et
830 2126 991 2209 Didymus
1011 2129 1086 2199 huic
1108 2118 1174 2192 ‹to-¹

10 2234 17 2317 ¹.
62 2225 157 2293 cendi
174 2227 290 2291 rationi
310 2224 526 2290 adversantur.
574 2225 812 2314 Philosophiam
834 2226 983 2292 Clemens
1001 2241 1034 2292 et
1053 2228 1174 2311 Orige-¹
1233 2300 1246 2321 s

10 2320 13 2339 '
59 2352 123 2396 nes
145 2328 294 2408 laudant,
333 2346 416 2412 quae
446 2323 487 2388 ad
512 2326 611 2391 sidem
637 2329 791 2415 paulatim
816 2324 967 2407 deducat,
1004 2328 1174 2397 Platonem

59 2453 254 2518 graecosque
279 2428 484 2516 philosophos
504 2427 612 2510 magni
635 2429 757 2491 faciunt
781 2430 936 2514 illumque
958 2428 1110 2494 adhibent
1131 2430 1175 2511 ad

59 2538 117 2598 sua
137 2531 285 2612 dogmata
303 2528 498 2593 enucleanda
520 2532 618 2615 (quae
629 2528 781 2591 sententia
798 2529 1019 2610 allegoriarum
1032 2530 1175 2597 studium

59 2657 131 2700 non
151 2652 341 2721 promovere
361 2652 427 2694 non
445 2630 581 2716 potuit),
607 2626 643 2693 ih
661 2629 709 2691 eis
729 2628 805 2691 licet
825 2630 929 2692 insciis
944 2631 1008 2707 jam
1032 2626 1090 2693 adr
1108 2625 1174 2697 λό-

58 2756 122 2823 γον
145 2734 303 2799 efficacem
320 2735 384 2795 sese
403 2728 580 2817 praebuisse
599 2730 744 2809 censent,
775 2741 810 2792 et
829 2751 900 2823 eam
918 2728 1048 2791 demum
1063 2752 1176 2799 veram

59 2837 129 2900 esse
155 2836 342 2923 sapientiam
364 2829 488 2908 dicunt,
524 2849 606 2914 quae
629 2827 805 2891 doctrinam
834 2830 1033 2897 christianam
1056 2832 1176 2895 habeat

60 2937 285 3025 philosophiae
309 2930 556 2995 reconciliatam.
612 2926 716 2991 Simul
738 2950 815 2992 vero
835 2931 939 2993 varias
960 2931 1178 3011 gnosticorum

59 3041 163 3103 sectas
181 3036 354 3117 Origenes,
383 3051 521 3119 quocum
537 3026 736 3094 Clementem
754 3031 805 3093 his
826 3027 866 3093 de
886 3033 982 3093 rebus
1002 3033 1176 3097 convenire

60 3139 138 3204 satis
160 3139 296 3215 constat,
323 3134 491 3196 haereticis
510 3139 716 3208 annumerat,
738 3141 771 3192 et
788 3151 844 3208 ea,
870 3152 965 3217 quam
982 3132 1176 3197 immutabi-

60 3242 131 3303 lem
155 3237 301 3300 omnium
321 3234 569 3300 Christianorum
595 3228 771 3295 doctrinam
797 3230 990 3314 scripturas.
1016 3245 1049 3296 et
1070 3233 1177 3298 tradi·-

59 3338 154 3421 tlpne
173 3336 373 3405 ecclesiastica
392 3335 551 3396 firmatam
571 3332 642 3395 esse.
654 3328 729 3393 dicit
743 3332 778 3394 in
791 3332 891 3417 praes.
913 3329 953 3395 ad
966 3332 988 3395 1.
1008 3329 1049 3396 de
1062 3335 1176 3420 prino,

63 3440 164 3503 nullis
183 3438 278 3500 rebus
299 3436 496 3516 gravioribus
517 3431 622 3496 dissert
641 3452 659 3494 a
674 3432 791 3512 regulis
806 3429 882 3494 lidei
897 3434 937 3495 ab
949 3430 1083 3496 Irenaeo
1098 3431 1174 3499 adr.

63 3540 153 3605 haer.
166 3537 193 3618 I,
214 3552 264 3603 to.
281 3559 312 3623 p.
326 3544 366 3602 48
379 3570 423 3585 ·-
439 3545 476 3599 61
495 3545 529 3596 et
540 3531 739 3598 Tertulliano
754 3529 795 3593 de
808 3532 869 3594 vel.
886 3532 966 3613 virg.
988 3555 1013 3598 c.
1032 3547 1076 3613 t.‚
1098 3531 1172 3599 adv.

63 3640 159 3707 Prax.
179 3662 204 3702 c.
221 3652 251 3704 2.
267 3649 299 3699 et
313 3636 354 3700 de
366 3638 497 3723 praescr.
514 3634 601 3697 haer.
622 3654 648 3696 c.
664 3643 714 3698 13.
728 3632 904 3721 propositis.
944 3633 1067 3697 Tamen
1083 3645 1176 3698 uter-

65 3763 129 3831 que
151 3741 317 3821 (Clemens
337 3749 369 3800 et
385 3735 557 3816 Origenes)
577 3745 611 3797 et
627 3733 800 3820 simplicem
814 3731 913 3799 fidem
927 3733 1059 3797 minoris
1075 3731 1175 3815 ducit,

65 3856 100 3907 et
128 3842 235 3922 gnofin
260 3855 343 3924 quae
371 3834 485 3898 dicitur
508 3836 692 3921 comprobat
713 3833 879 3914 (Clemens
900 3835 996 3896 etiam
1015 3836 1175 3920 apostolos

65 3941 221 4025 gnosticos
233 3937 405 4025 appellat),
424 3934 543 4021 γνῶσιν
560 3956 637 3998 vero
651 3924 831 4020 ἀληθινὴν,
853 3934 1026 4021 oppositam
1041 3946 1074 3996 et
1087 3933 1176 4019 yvri-

65 4061 124 4109 osr
150 4029 358 4123 ψευδωνύμῳ
380 4048 413 4100 et
435 4030 549 4099 πίστει
570 4028 679 4120 ἀλόγῳ
704 4031 761 4097 καὶ
786 4028 950 4120 ἰδιωτικῇ.
1005 4034 1044 4098 Id
1065 4028 1176 4101 autent

63 4141 262 4233 potissimum
275 4141 358 4205 inter
372 4149 542 4225 utrumque
555 4133 724 4201 discrimen
738 4134 878 4216 obtinet,
899 4131 986 4222 quod
1001 4136 1176 4205 crementis
1207 4164 1212 4173 ·
