2572 4770
124 254 199 321 aaa
447 238 535 332 Gap.
561 240 632 309 111.
683 239 915 333 Dogmatioo.

124 447 191 491 non
199 419 440 491 substantialiter
447 418 648 505 splendorem
661 411 897 504 (ἀπαύγασμα)
905 431 1053 501 generat,
1066 419 1122 485 sed
1130 424 1170 484 ab
1178 442 1245 486 ex-

125 527 259 591 trinseco
272 542 349 585 eum
361 522 513 607 acquirit,
532 542 605 584 curn
618 532 685 585 tota
697 523 795 608 ipsine
810 522 941 584 essentia
955 523 1146 585 habeathoc
1155 522 1243 609 quod

125 628 172 699 est
185 640 354 706 generare,
369 645 437 687 nou
447 643 525 685 vero
536 623 690 702 generari.
725 617 849 701 Quodsi
860 623 919 683 lux
931 643 997 685 non
1010 624 1052 685 ab
1064 625 1241 688 extrinseco

123 722 328 815 splendorem
345 725 474 809 accipit,
506 720 560 784 sed
579 742 622 785 ex
636 734 704 784 tota
716 720 847 785 essentia
862 720 956 783 illum
970 725 1125 787 continuo
1139 746 1241 805 gene-

125 838 193 907 rat,
214 844 256 887 ne
276 820 368 887 Deua
382 822 514 909 quidem
527 823 631 885 lilium
647 825 687 885 ab
702 823 878 887 extrinseco
888 822 948 885 fibi
957 822 1105 887 additum
1119 827 1239 907 habuit,

123 926 182 995 sed
202 946 279 988 eum
298 944 341 987 ex
358 935 427 986 tota
448 925 617 986 substantia
637 925 787 987 continuo
804 925 932 1006 genuit,
959 937 1073 1012 utpote
1086 928 1239 1014 incorpo-

124 1050 221 1109 reus,
254 1046 298 1089 ex
318 1045 383 1110 quo
405 1026 460 1103 fit,
495 1037 531 1086 ut
552 1025 590 1087 lit
608 1044 685 1088 vere
707 1036 806 1110 pater.
860 1024 1010 1091 luserunt
1030 1029 1157 1107 rursus,
1191 1029 1235 1106 iio,

126 1149 211 1218 quae
236 1127 388 1211 scriptura
408 1123 517 1203 docet,
553 1126 678 1209 semper
697 1125 852 1189 contraria
875 1124 1045 1191 docenter:
1080 1125 1117 1190 Si
1135 1140 1235 1192 trane

124 1236 265 1301 formata
278 1226 342 1295 Dei
359 1224 488 1289 essentia
503 1217 645 1307 γέννημα
657 1222 789 1305 dicitur,
810 1248 877 1290 non
891 1230 938 1290 est
949 1228 1162 1295 immutabilia
1172 1236 1235 1310 ejne

60 1318 64 1325 ¹
125 1333 275 1408 essentia,
304 1348 377 1391 cum
395 1325 455 1387 filii
474 1326 630 1387 facturam
656 1320 914 1412 (ἱὸιοποίησιν),
943 1348 1027 1414 quae
1047 1332 1150 1414 patrie
1162 1354 1235 1417 pro-

124 1435 196 1523 pria
217 1433 279 1508 est,
306 1436 436 1512 operata
452 1424 490 1487 fir
503 1425 648 1488 mutatio.
697 1424 764 1488 Sed
785 1448 828 1491 ne
844 1430 906 1491 boc
924 1427 1056 1515 quidem
1070 1431 1236 1519 quisquam

124 1534 202 1620 ipsis
219 1526 365 1593 concedit
381 1535 418 1587 ut
439 1522 563 1604 dicant,
592 1526 672 1588 baec
693 1527 781 1589 enim
801 1547 821 1589 a
841 1526 1025 1593 Christiania
1043 1533 1151 1595 aliena
1166 1535 1235 1611 esse,

127 1641 377 1698 commemorata
395 1627 566 1713 scripturae
585 1623 681 1688 dictio
694 1627 806 1706 (Hebr.
820 1626 848 1707 I,
863 1634 897 1711 8)
911 1634 1042 1716 probat,
1070 1654 1155 1719 quae
1169 1635 1236 1697 cui-

125 1734 177 1799 vis
197 1731 361 1793 haeretico
379 1729 570 1813 permolesto
590 1729 704 1789 morbo
727 1728 855 1792 obsistit.
910 1729 947 1794 Si
972 1730 1061 1795 enim
1082 1736 1236 1799 transiun-

126 1845 214 1899 mata
226 1833 285 1893 lux
297 1832 335 1893 fir
349 1826 516 1917 splendor,
537 1849 604 1892 non
619 1828 664 1896 est
677 1826 886 1893 immutabilis
898 1831 973 1911 lux,
989 1852 1070 1896 cum
1083 1835 1235 1921 splendo-

109 1936 171 2007 -ria
182 1935 357 2011 facturam,
380 1950 461 2018 quae
472 1930 553 1993 lucis
565 1927 692 2014 propria
703 1929 767 2006 est,
784 1931 921 1994 mutatio
935 1946 1104 2019 operetur;
1125 1937 1233 2000 livero

125 2040 187 2101 lux
216 2054 284 2097 nou
312 2042 437 2095 mutata
467 2027 671 2116 splendorem
699 2030 879 2111 generavit,
920 2053 1058 2100 manens
1090 2039 1158 2126 ipsa
1180 2043 1234 2103 lux

126 2149 160 2201 et
181 2131 383 2221 splendorem
407 2132 529 2195 habens
550 2129 797 2193 connaturaliter
822 2123 1035 2217 (συμφύτως)
1062 2159 1108 2202 ex
1124 2142 1157 2203 se
1173 2140 1232 2228 ipsa

124 2239 322 2326 perfectum,
348 2234 447 2295 etiam
465 2232 556 2296 Deus
571 2242 681 2293 manet
693 2230 937 2295 immutabiliter
952 2233 1061 2319 Deua,
1090 2242 1149 2304 etsi
1160 2263 1233 2327 pro-

125 2339 189 2425 prii
207 2332 384 2422 splendoris
406 2333 566 2419 paterfit,
599 2350 673 2393 cum
690 2353 756 2394 non
778 2334 819 2395 ab
836 2325 1013 2399 extridseco
1033 2339 1129 2405 illum
1146 2362 1233 2405 acce-

125 2437 227 2525 perit,
249 2433 304 2497 sed
323 2454 364 2495 ex
376 2433 545 2495 substantia
558 2452 635 2493 eum
650 2434 850 2511 generaverit
862 2436 1081 2521 perfectum.”
1120 2442 1233 2523 „Paua

124 2539 178 2601 lus
188 2535 342 2599 Hebraeis
351 2534 455 2597 scribit
469 2534 526 2611 (ib.
538 2543 586 2598 15.
600 2554 634 2616 p.
647 2536 721 2612 23):
743 2531 810 2612 Qui
824 2557 898 2600 cunr
911 2539 951 2602 lit
960 2540 1113 2625 splendor
1119 2546 1233 2626 gloriae

124 2638 242 2725 patris,
265 2637 286 2699 i.
302 2656 330 2699 e.
352 2646 540 2699 coaeternus
555 2631 613 2718 ipsi
627 2644 661 2695 et
677 2621 869 2714 ὃμοούσιος.
918 2639 963 2704 Ut
974 2642 1136 2725 animan,
1157 2665 1233 2733 quae

124 2739 396 2825 comparationem
410 2755 475 2798 non
488 2731 680 2813 admittunt,
706 2738 942 2823 comparatione
953 2742 1063 2828 aliqua
1077 2756 1112 2810 et
1122 2768 1232 2811 exarn-

123 2844 180 2929 plo
201 2841 414 2913 illustrentur,
444 2845 540 2921 atque
558 2835 619 2898 hoc
636 2837 748 2899 saltem
767 2836 865 2902 modo
888 2841 1126 2927 aliquantulum
1145 2846 1230 2927 illud,

123 2938 212 3027 quod
225 2941 474 3024 supramentem
488 2938 548 3015 est,
574 2949 685 2999 mente
700 2939 911 3024 concipietur,
932 2941 1036 3009 dicam
1055 2950 1146 3028 (curn
1157 2971 1229 3036 par-
1263 2936 1265 2941 ⁵

20 3118 23 3123 Ι
123 3062 166 3103 vo
185 3038 219 3100 id
240 3057 442 3124 comparans,
476 3033 564 3121 quod
584 3058 737 3119 magnum
759 3041 804 3103 est
829 3052 862 3103 et
879 3040 1038 3111 duntaxat
1057 3055 1227 3131 magnum),

121 3140 253 3205 simulac
272 3142 319 3202 sol
335 3139 459 3214 existit,
485 3138 596 3201 esolis
615 3150 728 3200 natura
749 3150 782 3201 et
800 3161 844 3203 ex
862 3153 930 3205 toto
950 3143 1034 3211 disco
1053 3148 1187 3215 indivise
1199 3162 1228 3213 et

124 3242 276 3305 continue
295 3252 328 3303 et
344 3240 449 3324 aquali
463 3240 609 3300 mensura
622 3248 723 3302 totam
736 3242 843 3303 lucem
854 3243 948 3306 simul
959 3250 1062 3312 exseri
1077 3252 1225 3337 fisnulqne
1266 3242 1270 3341 ξ

122 3343 266 3427 operari,
296 3362 332 3402 ac
350 3341 444 3403 sirnul
463 3341 601 3402 calorem
619 3343 732 3421 rebus,
760 3364 842 3427 quae
855 3345 938 3408 hane
949 3349 1159 3416 sensationem
1169 3372 1225 3415 ex·
1268 3406 1271 3415 .

121 3444 227 3529 cipere
248 3453 386 3527 queunt,
420 3444 589 3528 praebere3
624 3443 813 3507 substantiae
834 3464 931 3526 vero,
967 3468 989 3510 a
1008 3432 1072 3535 qua=
1097 3455 1157 3520 lux
1175 3456 1224 3517 el·
1266 3420 1273 3485 ἱ*

121 3541 285 3620 tunditur,
316 3543 501 3625 qualitatem
526 3562 658 3607 omnem
676 3545 711 3605 in
729 3545 895 3632 semetipso
919 3548 1036 3614 exserit
1053 3553 1156 3641 iprum
1173 3558 1223 3618 lu·
1267 3502 1274 3657 Ι

120 3663 227 3722 men,
245 3642 364 3731 quippe
385 3664 458 3705 curn
473 3642 578 3729 primo
591 3644 658 3730 ipso
671 3658 854 3727 momento,
880 3669 947 3712 non
965 3670 1045 3715 vero
1058 3657 1222 3740 posteriori,
1266 3664 1273 3725 ἶ

119 3731 161 3807 ab
186 3764 225 3807 ea
251 3741 464 3829 profundatur
481 3744 637 3830 simulque
656 3768 728 3809 cum
747 3768 787 3813 ea
805 3760 839 3812 et
856 3749 1008 3835 procedat
1030 3769 1065 3818 et
1082 3756 1221 3823 subsiliat.

118 3843 242 3925 Quodsi
268 3840 431 3930 splendor,
464 3864 578 3908 eorum
601 3847 732 3932 quidem
754 3851 927 3932 sententia,
964 3854 1140 3941 aliquando
1165 3880 1224 3929 non

117 3958 213 4025 eratr.
228 3944 360 4007 ubinam
377 3956 445 4007 erat
462 3965 520 4025 ea,
547 3968 664 4033 exque
678 3948 828 4035 splendor
844 3952 910 4040 ipse
930 3956 991 4036 est,
1022 3957 1106 4021 lucia
1123 3960 1225 4045 bype-
1270 4014 1274 4059 Ι

114 4046 253 4111 nafis?”
280 4044 409 4124 „Filiae
423 4045 480 4125 (ib.
493 4060 541 4113 16.
555 4070 586 4134 p.
597 4052 724 4138 38sqq.)
738 4054 779 4115 ab
792 4064 923 4118 aeterno
936 4055 1066 4135 genitur
1078 4048 1141 4139 est,
1155 4050 1222 4121 clm
1267 4064 1275 4103 l

115 4168 195 4219 uero
212 4147 270 4210 suo
288 4157 398 4232 patre,
427 4149 530 4215 veluti
548 4151 608 4215 lux
627 4170 702 4217 curn
719 4154 795 4221 solia
812 4153 915 4241 disco,
934 4158 1225 4249 adnotatores
