2572 4770
444 354 794 442 ..η-4)...-

85 523 247 616 praeseeti
258 542 403 591 munere
413 519 509 615 snngi
520 524 674 614 potuiss'e,
694 546 796 614 quam
808 526 1028 597 adsummum
1042 528 1150 618 gloria

87 627 249 716 fastigium
263 626 458 711 evectum),
480 640 564 708 „aut
580 627 763 715 Origenem
776 642 844 696 tem
859 633 952 718 gravi
968 630 1081 699 ossicio
1095 633 1150 699 ni-
1248 662 1256 693 ι

88 732 197 797 mium
210 728 321 795 adhuc
332 729 490 795 iuvenem
508 729 603 796 fnisse
620 731 793 799 admotum
803 730 824 764 ‘⁴
839 733 1040 813 (adolescens
1051 732 1159 801 sebo-'
1260 732 1269 799 .'

85 835 142 927 ¹lae
161 830 328 922 praefuit,
353 831 429 919 quie
446 846 552 899 estete
567 835 798 923 ¹provectiores
814 834 1029 923 persecutioni
1047 838 1150 905 cesse-

86 928 196 1019 rant).
243 936 343 1015 „tam
369 933 451 999 ittud
475 934 608 1023 quidem
627 957 697 1001 non
723 937 808 1001 adeo
829 937 1050 1025 incongruum
1072 940 1150 1005 esses

87 1032 225 1104 dicere“
248 1036 339 1115 (non
355 1035 437 1102 edeo
455 1037 701 1126 incongruum?
725 1060 804 1105 cum
816 1038 980 1109 Eusebius
995 1039 1030 1105 h.
1044 1062 1073 1104 e.
1087 1042 1160 1118 Ἧι

88 1137 109 1207 3
124 1162 160 1228 p.
174 1137 247 1228 391
265 1137 382 1205 diserte
396 1143 538 1218 testetur,
558 1141 822 1229 duodevigesimo
833 1143 948 1211 aetatis
961 1139 1152 1207 annoscbo·

88 1241 139 1307 lte
155 1238 380 1307 catecbeticae
401 1243 546 1328 praeesse
562 1244 701 1331 coepisse
715 1243 896 1332 Origenem
907 1245 938 1324 ),
959 1245 1045 1325 „nisi
1064 1256 1152 1319 tem-

88 1343 178 1433 poris
190 1342 334 1431 spatium
346 1343 475 1430 longius
493 1345 619 1427 suisset,
644 1368 744 1432 quem
760 1360 799 1412 ut
811 1347 900 1411 credi
915 1345 1012 1435 secise
1025 1338 1152 1432 queat“

90 1438 207 1535 (quod
233 1446 365 1532 longius
392 1447 552 1534 temporis
576 1448 717 1535 spatium
746 1450 863 1515 innuat
884 1442 1153 1528 Dietcbiiaiosue,
1269 1440 1272 1445 ¹

89 1571 155 1613 nou
170 1547 302 1634 liquet).
323 1620 329 1637 ι
351 1549 455 1630 „Hoc
469 1572 552 1616 vero
566 1550 734 1638 plerisque
751 1551 796 1616 ite
809 1551 944 1641 plecet“
968 1541 1086 1637 (idque
1095 1549 1153 1616 iu·
1211 1604 1223 1629 ,.

90 1638 173 1736 re),
198 1662 349 1741 „utnon
370 1649 533 1731 dubitent,
556 1652 738 1739 Origeneni
755 1652 822 1718 iem
842 1653 971 1721 decimo
982 1646 1152 1741 septimo“

91 1744 257 1842 (minime,
274 1751 329 1816 sed
339 1752 467 1818 decimo
478 1769 510 1821 et
522 1748 662 1841 octavo)
678 1757 811 1835 „aetatis
827 1746 1154 1822 anuo'scbolaeAle·
1177 1826 1180 1833 ¹

91 1854 273 1920 xundrinae
291 1855 500 1941 praesectum
520 1859 600 1937 esse,
623 1879 710 1945 quae
732 1880 803 1937 ree,
830 1864 854 1925 si
874 1858 919 1924 ita
937 1858 970 1923 se
988 1846 1153 1922 haberet‘*
1257 1854 1263 1863 ’

91 1951 252 2040 (Eusebio
276 1956 532 2023 Dietelmaierus
560 1958 689 2023 nuttam
715 1957 818 2023 fidem
843 1958 967 2023 habere
991 1946 1153 2040 videtur),

92 2057 344 2138 „difficultatem
356 2083 376 2124 e
392 2060 501 2125 medio
517 2057 616 2124 facile
633 2059 772 2124 tolleret·
820 2057 868 2126 At
880 2081 962 2123 vero
979 2058 1055 2120 licet
1068 2055 1155 2120 Hie·

93 2182 253 2249 ronymua
267 2162 363 2227 catal.
384 2184 412 2227 c.
428 2158 478 2243 54
495 2161 613 2226 diserte
631 2160 733 2239 dicat,
759 2180 836 2225 eum
859 2159 924 2224 boc
935 2157 1051 2251 ⁸aetatis
1067 2155 1155 2253 dore
1200 2202 1204 2215 .

93 2254 294 2348 κωηχησεων
303 2266 447 2329 munus“
459 2256 564 2353 (opus
576 2260 677 2327 hebet
685 2250 934 2350 Hieronymus)
946 2259 1153 2347 „aggressum

94 2364 166 2447 esse,
188 2364 253 2429 hoc
275 2379 387 2431 tamen
408 2365 599 2431 desummo
618 2364 750 2429 scholae
768 2361 997 2431 moderamine
1015 2358 1153 2450 intelligi
1206 2430 1213 2441 ,

93 2487 156 2531 non
178 2464 306 2555 potest“
329 2466 544 2556 (supremum
557 2464 696 2535 scholae
720 2465 935 2553 moderamen
959 2476 1032 2530 erat
1049 2482 1154 2551 penes
1198 2454 1201 2463 ¹

94 2568 297 2658 episcopum,
325 2570 506 2635 secundum
526 2569 659 2635 sortasse
680 2589 780 2654 penca
798 2568 1008 2635 Pantaenum
1028 2580 1059 2633 et
1072 2565 1155 2651 cte

93 2685 234 2739 mentem
263 2669 426 2751 absentes,
468 2671 523 2737 sed
546 2671 762 2736 moderamen
793 2670 982 2756 sinpliciter
1013 2667 1151 2732 omnino

93 2794 190 2860 penes
209 2773 394 2861 Origenem
419 2773 530 2854 suisse,
560 2770 722 2841 Eusebius
743 2771 777 2838 h.
797 2795 826 2838 c.
846 2773 913 2854 Vs,
937 2768 960 2836 ὅ
987 2767 1155 2835 assirmett

91 2866 180 2950 Ἔτος
201 2868 229 2940 δ’
246 2866 319 2958 ἦγεν
338 2871 624 2952 ὀκτωκαιδέκατον,
654 2868 728 2940 καθ’
748 2864 848 2940 ὅτιὸ
866 2871 926 2951 τῆς
944 2863 1155 2956 κατηχήσεως

92 2977 228 3065 {pedm
250 2973 475 3045 διδασκαλείου.
531 2967 744 3062 &mseras
765 2989 878 3041 autem
897 2972 1154 3040 διδασκαλιῖοιδὶ

93 3079 161 3167 quis
174 3078 358 3166 intelligere
370 3080 450 3147 velit
464 3102 531 3145 non
545 3079 585 3144 de
597 3077 710 3144 schola
725 3077 933 3158 catechetice,
946 3075 1011 3157 sed,
1031 3074 1078 3141 uti
1090 3082 1159 3173 ssu-¹

90 3194 182 3247 ctore
192 3181 321 3249 Rufino
335 3183 486 3249 Valesius
501 3181 610 3262 vertit,
634 3181 676 3245 de
695 3180 1014 3246 catechumenorum
1027 3176 1156 3243 iustitu-
1183 3244 1188 3257 ,
1250 3258 1256 3271 ι

90 3282 195 3363 tione,
218 3283 401 3361 iaceretu,
427 3306 469 3350 ne
483 3296 558 3367 aut,
582 3285 663 3348 dum
680 3282 738 3348 sibi
752 3287 898 3349 constare
909 3282 1006 3360 velit,
1030 3279 1156 3358 omnia,

89 3407 175 3473 quae
194 3384 358 3453 Eusebius
380 3386 533 3462 scholae,
567 3371 621 3452 cui
643 3383 806 3472 Origenes
825 3382 989 3473 praefuit,
1016 3381 1155 3448 nomine

89 3486 222 3569 tribuit,
257 3488 361 3555 veluti
389 3480 601 3574 κατηχήσεως
625 3479 840 3553 διδασκαλείου
873 3478 977 3576 (loeo
1007 3467 1154 3569 nostro),

88 3588 149 3669 τῆς
168 3589 232 3655 τοῦ
248 3593 404 3676 κατηχιῖν
419 3582 582 3685 διατριβῆς
605 3585 854 3678 (paulopost),
880 3587 938 3667 τῆς
950 3577 1157 3667 κατηχήσεως

88 3680 182 3782 ἔργον
205 3690 261 3770 (h.
281 3715 310 3757 e.
325 3695 392 3776 VI,
414 3689 481 3773 8),
508 3706 635 3773 cetera,
667 3690 708 3756 de
729 3691 1048 3759 catechumenorum
1068 3684 1157 3751 iusti-

88 3794 218 3860 tutione
237 3794 451 3884 interpretari
468 3807 621 3883 cogatur,
651 3805 729 3875 eut,
749 3793 832 3860 dum
856 3789 1065 3859 constantiam
1085 3808 1157 3853 uon

45 3888 56 3917 ²
89 3908 204 3972 curet,
225 3894 323 3962 usum
343 3897 502 3985 loquendi
524 3920 652 3963 novum
674 3919 738 3984 pro
759 3895 896 3962 arbitrio
922 3893 981 3961 sibi
999 3888 1156 3973 formet),

89 4020 198 4079 ,cum
212 4000 321 4066 stetim
334 3988 481 4078 adiiciat,
513 4020 591 4064 eum
611 4001 719 4087 postea
739 3998 774 4064 in
794 3999 907 4064 locum
931 3991 1112 4060 Clementis
1136 4012 1158 4057 a

89 4099 264 4167 Demetrio
286 4103 351 4168 esse
371 4097 636 4168 confirmetum“
656 4100 852 4180 (rectissime
869 4096 999 4165 ratione
1015 4092 1158 4184 duplici,

89 4201 273 4273 fleverim
291 4205 382 4273 euim
400 4206 562 4294 grassante
577 4202 806 4294 persecutione
818 4204 1008 4272 Pantaenus
1028 4210 1063 4265 et
1077 4195 1157 4262 Cle-
