2572 4770
80 285 82 289 ’
135 294 212 367 250
444 278 553 373 cap.
570 282 644 350 111.
692 276 924 381 Dogmuicn

132 459 320 556 praesertim
341 458 468 543 credat,
497 481 581 549 quae
600 461 641 525 ad
654 454 812 529 Christum
831 464 1012 551 pertinent3
1041 459 1247 527 virtutieen·

133 579 202 632 tem
219 556 420 644 (δυνάμεως)
439 575 567 650 propter
581 565 751 644 miracula,
779 586 915 652 quorum
934 561 1168 650 patrandorum
1182 565 1246 627 vin

133 688 171 733 ac
186 668 374 753 potestatem
386 686 486 749 penee
499 666 691 730 Christianos
708 668 772 729 esse
790 662 863 745 (διὰ
875 659 937 739 τὰς
950 659 1130 748 τερασίους
1148 658 1246 729 dord-

133 786 211 849 μεις
217 810 228 842 ,
251 754 292 839 dr
302 765 590 831 κατασκευαστέον
603 761 785 850 γεγονέναι)
799 788 874 830 eum
886 786 929 828 ex
942 767 1054 829 multis
1066 767 1158 844 aliie,
1179 778 1245 829 tum

133 864 214 929 inde
234 868 376 928 maxime
397 869 550 946 efficitur,
579 864 666 951 quod
688 888 802 931 eorum
821 868 925 931 adhuc
943 868 1098 953 supersint
1117 866 1245 947 vestigia

133 965 221 1054 apud
237 986 310 1045 ene,
322 1012 325 1017 -
338 967 395 1053 qui
412 969 546 1049 exlegis
560 969 746 1033 christianae
759 972 937 1058 praeceptis
949 972 1050 1033 vitam
1063 970 1155 1031 suam
1171 987 1244 1032 mo-

132 1087 250 1155 reeque
263 1068 434 1147 exigunt.”
975 1098 978 1103 >

217 1168 356 1248 lamiam
387 1166 697 1252 contemplabimur,
743 1187 827 1254 quae
867 1165 916 1232 de
953 1169 1117 1255 reliquo
1151 1167 1171 1234 J
1178 1169 1240 1231 esu

134 1269 285 1337 Christi
311 1269 397 1331 rita
433 1269 623 1331 terrestri
652 1268 810 1350 Origenes
835 1272 1056 1332 memorabilia
1083 1270 1182 1333 habet
1198 1270 1241 1347 s).

132 1370 217 1436 Tota
237 1369 311 1434 Jesu
333 1372 401 1432 vita
422 1369 577 1433 terrestria
597 1371 714 1435 nullo
734 1371 896 1457 polluta
916 1382 985 1434 erat
1004 1382 1173 1458 peccato
1197 1366 1244 1448 (id

167 1701 184 1737 2
249 1698 256 1712 .
577 1701 594 1716 ..
670 1701 677 1713 .
751 1701 758 1714 .

184 1696 1060 1854 >ttizal¹²²st=ztz²ttli12‚,·l,t?i:l:a?‚tl;,¹¹i
1075 1695 1245 1839 {titi

202 1873 289 1939 dore,
312 1889 388 1940 quae
403 1873 435 1923 in
449 1888 549 1924 eorum
562 1874 677 1941 scriptia
693 1873 826 1939 elucent,
851 1888 982 1943 quaeque
998 1870 1074 1923 nihil
1090 1871 1121 1924 in
1136 1872 1181 1923 eia
1196 1878 1244 1923 aut

203 1960 347 2027 spurium,
383 1971 434 2011 aaut
461 1959 610 2026 dolosum,
641 1968 690 2011 eut
709 1959 862 2026 fictitium,
897 1969 949 2010 nut
970 1958 1086 2010 vafrum
1107 1954 1244 2026 suspicari

201 2045 307 2099 linum.
351 2047 406 2099 Pro
421 2056 501 2098 certo
517 2049 594 2101 enim
609 2045 749 2097 habemur
768 2048 896 2113 animer,
923 2062 995 2116 quoe
1011 2059 1163 2111 nunquam
1177 2043 1244 2095 atti·

201 2141 306 2203 gerant
320 2148 371 2195 ee,
395 2149 469 2202 quae
484 2133 559 2201 apud
576 2131 704 2184 Graecos
725 2131 831 2185 callide
848 2133 1025 2203 multamque
1046 2129 1107 2180 veri
1120 2129 1244 2199 speeiem

203 2227 234 2271 et
254 2217 443 2271 subtilitatem
464 2219 603 2271 adhibent
622 2218 764 2286 sapientia
781 2226 811 2270 et
832 2219 941 2271 versate
960 2218 988 2269 in
1009 2214 1127 2281 judiciis
1147 2214 1245 2267 rheto-

202 2304 267 2356 rica
288 2303 411 2372 docent,
437 2304 557 2357 idoneae
577 2320 637 2355 non
654 2304 736 2355 suisie
758 2304 853 2355 adres
867 2300 1148 2370 comminiscendae,
1172 2316 1245 2371 quae

166 2396 169 2401 '
203 2398 235 2442 et
252 2388 342 2442 fidem
364 2391 535 2461 ingenerare
555 2397 585 2441 et
604 2388 748 2441 advitam
767 2388 837 2443 fidei
858 2390 1084 2441 consentaneam
1100 2387 1246 2443 atonem

205 2475 374 2544 potuissent.
417 2472 562 2545 Equidem
582 2474 773 2544 crediderim,
800 2475 911 2528 talibus
924 2477 992 2528 suae
1013 2475 1167 2528 doctrinae
1184 2491 1245 2529 mu·

202 2560 296 2631 gistria
315 2563 412 2614 lesum
434 2559 491 2612 irae
509 2568 608 2612 mente
628 2561 671 2613 uti
690 2561 823 2628 voluisse,
847 2570 912 2613 tum
930 2570 962 2615 ut
981 2561 1146 2630 suspicandi
1166 2561 1245 2615 socna

202 2662 263 2699 non
276 2648 366 2733 esset¹
377 2663 442 2699 earn
455 2647 511 2699 niti
521 2647 700 2717 argumentis
715 2649 753 2701 ad
767 2648 827 2699 veri
842 2647 968 2716 speciem
981 2642 1165 2717 compo'fitia,
1183 2658 1244 2701 tunt

201 2743 235 2787 ttt
248 2733 523 2805 intelligentioribus
536 2733 652 2807 evidere
664 2734 757 2804 lieret,
769 2733 965 2786 sinceritatem
977 2733 1060 2786 illam
1071 2724 1245 2805 scriptorum

201 2820 334 2887 iunctam
354 2836 420 2872 cum
432 2819 541 2886 multa,
568 2828 602 2870 ut
617 2820 660 2872 ite
675 2821 793 2891 loquar,
819 2818 1003 2889 simplicitate
1022 2815 1156 2891 (ἐχούσης
1172 2818 1243 2875 nolit

201 2903 234 2962 ad
247 2935 281 2948 -
296 2903 337 2960 ἵν’
358 2902 444 2967 οὕτως
461 2899 593 2977 ὀνομάσω
607 2932 641 2947 -
655 2903 784 2976 ἀφελὲς),
815 2905 953 2957 donatam
974 2904 1059 2957 fuisse
1077 2906 1177 2959 divina
1194 2922 1242 2977 po·

202 2994 319 3058 testate,
343 3008 418 3062 quae
433 2990 526 3044 multo
543 2993 628 3061 plura
645 2991 817 3061 perliceret,
847 3008 934 3061 quam
948 2991 1092 3060 perlicere
1106 2994 1187 3061 posse
1200 2992 1242 3045 ri·

131 3102 135 3109 ⁵
200 3078 305 3131 dentur
324 3078 478 3130 verberum
502 3076 648 3143 ambitur,
673 3076 837 3131 dictionum
857 3075 1027 3144 compositio
1047 3086 1078 3131 et
1097 3086 1179 3131 tetur
1196 3076 1242 3131 itte

130 3200 134 3209 ·
199 3169 390 3238 graecanicae
410 3165 581 3219 divisionum
599 3158 773 3234 dicendique
792 3172 1030 3215 ornamentorum
1040 3159 1239 3236 ‘apparatuest'

196 3253 313 3307 Pariter
328 3269 354 3305 c.
371 3252 444 3310 Cels.
457 3254 498 3319 11,
519 3254 561 3307 10.
578 3268 608 3321 p.
621 3249 674 3305 895
694 3251 783 3306 dicit:
818 3250 957 3323 „Quodb
979 3251 1043 3320 quis
1061 3250 1137 3303 haee
1159 3268 1240 3305 eran·

199 3338 367 3409 gelidarum
387 3338 526 3407 figmenta
550 3338 606 3389 esse
628 3338 780 3405 opinetur:
819 3353 872 3388 cur
900 3354 958 3389 uon
981 3338 1080 3406 potiur
1104 3336 1241 3409 figmentt

199 3427 325 3494 suerint,
360 3443 434 3497 quae
454 3426 586 3478 adversus
609 3426 706 3478 Jesum
726 3434 756 3477 et
778 3422 952 3476 Christianos
974 3424 1124 3477 infensum
1145 3426 1241 3481 odiunt

198 3522 397 3571 commentum
419 3512 473 3579 eli,
501 3511 608 3563 veritat
630 3521 744 3577 autem,
769 3526 844 3580 quae
864 3509 957 3560 literis
975 3510 1193 3565 mandaverunt
1209 3511 1240 3576 ii,

130 3622 133 3627 ·
202 3601 351 3675 qui'omui
369 3614 532 3668 poenarum
548 3614 655 3668 genere
673 3606 792 3667 propter
805 3600 869 3651 lesu
883 3598 1049 3653 doctrinam
1069 3598 1240 3669 perferendo

200 3686 451 3751 demonstrarunt,
479 3702 566 3755 quam
584 3684 695 3737 sincero
710 3701 780 3754 erga
794 3686 877 3736 illum
893 3686 991 3737 auimo
1005 3666 1119 3739 elleutl
1149 3691 1241 3748 Tarte

93 3778 96 3783 ’
128 3806 132 3815 ·
201 3778 296 3842 euim,
319 3782 382 3826 tem
401 3772 487 3823 firme
503 3772 540 3824 ad
561 3781 687 3825 mortem
707 3788 798 3840 utque
819 3772 979 3824 constantie
1000 3784 1175 3841 argumento
1195 3776 1237 3844 att,

200 3860 356 3933 discipulot
373 3858 438 3912 lesu
456 3873 515 3909 non
535 3857 619 3909 sitisse
641 3874 706 3925 eor,
732 3859 783 3927 qui
804 3856 949 3927 fingerent
970 3858 1005 3910 de
1027 3863 1163 3931 magistro
1182 3866 1237 3929 suo,

200 3967 275 4022 quae
301 3946 472 4016 neutiquam
499 3953 600 4007 erant;
635 3943 776 4014 apostolor
800 3953 899 3996 eutem
925 3962 977 4013 pro
1003 3948 1092 3999 certia
1115 3948 1238 4004 habuisse

202 4053 276 4106 quae
295 4031 478 4102 scripserint,
497 4030 596 4100 aequit
612 4047 712 4082 rerum
727 4030 958 4083 aestimatoribus
976 4032 1044 4084 inde
1059 4031 1238 4106 perspicuum

117 4104 133 4119 ⁹
199 4125 253 4188 alt,
273 4119 350 4191 qnod
361 4126 406 4171 tot
419 4134 454 4169 ac
467 4125 550 4172 tanta
563 4116 734 4190 pertulerint
746 4126 866 4190 propter
879 4133 962 4187 eum,
982 4134 1070 4191 quem
1079 4123 1137 4178 Des
1150 4122 1237 4180 siliciae

128 4222 132 4229 ·
171 4206 469 4275 xaitarredebrut·n
518 4228 526 4237 ·
