2572 4770
241 240 499 374 Atdimgorua.
547 283 767 357 Pantaenus.
819 287 989 366 Glaucus:
1122 301 1168 369 61

57 478 135 545 uum
147 457 182 523 in
195 459 312 525 literali
321 461 583 551 interpretatione
593 463 800 553 acquievisse3
820 468 1168 556 potiusexprellaalle-

55 562 182 641 garitae
193 561 289 647 ipsius
299 563 568 650 interpretationis
579 568 708 648 vestigia
719 567 863 631 invenire
876 571 959 634 licet.
981 571 1067 637 Dicit
1078 576 1167 651 enim

53 662 242 782 Aualtaliup
256 662 377 726 Sinaita
391 666 446 728 lib.
457 662 482 728 Ι.
499 668 700 751 contemplat.
714 668 746 729 in
758 670 1001 734 Hexae'merou:
1021 668 1168 754 Λαβόν-

55 782 116 839 τες
137 757 196 840 τὰς
213 754 370 849 ἀφορμάς
389 758 426 829 ἐκ
439 759 633 829 Παπίμου
651 787 736 830 ,και
728 762 956 851 Κλήμεντος,
978 772 1167 845 Hercei-q

56 860 724 952 νου,τηςἈλεξανόρὲωνὶερέως,
740 862 1166 960 uatlrppnvr'ovoopmd-
1185 926 1187 931 .

56 989 137 1042 con,
157 967 224 1030 τῶν
237 961 381 1052 ἀρχαίων
396 968 452 1031 καὶ
465 958 608 1050 πρώτων
621 960 774 1029 oriantur
786 970 880 1047 (libi'
871 972 1009 1033 invicem
1027 982 1166 1041 conten-

53 1066 281 1148 taneorum)
265 1066 443 1153 εξηγητῶν,
471 1061 682 1151 εἷςΧριστὸν
697 1065 753 1129 καὶ
778 1064 838 1153 τὴν
854 1064 1062 1156 ἐκκλησίαν
1051 1077 1165 1143 πᾶσαν

53 1166 115 1256 τὴν
127 1161 310 1256 ἓξαήμερον
322 1161 524 1255 νοησᾶντων·
547 1217 554 1233 .
568 1216 575 1232 .
589 1216 597 1233 .
611 1167 761 1255 idemque
775 1171 827 1233 lib.
837 1170 911 1234 Vll.
921 1173 1065 1251 ejusdem
1082 1199 1166 1262 ope-
1266 1188 1270 1193 ’

55 1273 101 1334 ris
117 1272 218 1334 latine
231 1271 329 1334 verli:
352 1271 515 1349 „Veteres
535 1291 609 1350 ergo
624 1270 823 1332 eccleliarum
837 1272 1043 1359 interpretes,
1069 1276 1182 1345 Philo.

55 1375 190 1458 inquam
207 1420 215 1437 .
232 1422 241 1436 .
255 1383 287 1434 et
303 1369 435 1433 celebris
444 1369 557 1455 Papias
574 1419 581 1433 .
597 1419 604 1434 .
623 1383 655 1433 et
666 1371 818 1434 Irenaeus
837 1419 845 1436 .
862 1421 868 1435 .
883 1375 1166 1445 etluainurtttar-

57 1485 207 1555 tyr..et
226 1472 459 1536 Pantaenus
474 1469 784 1534 Alexandrinus
806 1485 838 1534 et
850 1473 999 1540 Clemens
1015 1477 1167 1545 Stroma-

56 1587 132 1639 teus
150 1588 184 1637 et
202 1596 314 1638 eorum
334 1573 464 1634 alleclae
478 1573 679 1656 spiritualiter
690 1575 762 1635 lunt
775 1580 979 1662 contemplati
995 1578 1035 1642 de
1050 1556 1173 1653 Christ?

55 1678 189 1739 ecclelia
209 1697 264 1754 ea,
294 1695 375 1760 quae
396 1674 506 1757 scripta
524 1676 597 1736 lunt
610 1672 650 1735 de
663 1672 806 1760 paradiso
815 1675 834 1708 '’
850 1677 961 1757 (Tom.
976 1678 1001 1745 l.
1017 1683 1180 1751 biblioth.-

55 1789 140 1862 μυ.
154 1776 250 1840 Parit.
267 1789 346 1843 1609
360 1775 418 1838 cot.
435 1778 521 1852 eea).

520 1969 700 2018 CLEMENS.

108 2078 157 2135 Cf.
171 2077 382 2134 ttotennttlteri
396 2075 461 2132 hist.
475 2075 597 2145 interpr.
612 2074 678 2126 libr.
692 2074 711 2127 l.
725 2076 749 2140 Ι,
764 2074 856 2127 209-
863 2075 924 2129 280.

140 2179 312 2265 Superatis
332 2182 574 2266 interpretantes
595 2179 779 2262 scripturam
804 2168 923 2243 sacram
946 2180 1059 2244 acriter
1085 2182 1166 2248 cte-

58 2302 151 2347 mens
168 2282 329 2366 vituperat
350 2281 465 2344 Strom.
481 2279 523 2343 11.
554 2303 579 2342 c.
598 2290 646 2346 16
676 2286 793 2362 piot.
843 2278 964 2344 Pariter
982 2283 1167 2351 haeretico-

59 2407 132 2448 mm
151 2381 382 2469 interpretandi
400 2383 556 2444 rationem
575 2378 790 2464 reprehendit.
839 2380 925 2449 Dicit
945 2384 1031 2446 enim
1047 2384 1165 2455 Strom.

10 2464 134 2565 Vll,
152 2497 201 2563 16,
220 2497 330 2561 891·,
334 2482 509 2561 ‚Haeretici
529 2481 707 2566 exscriptis
726 2483 920 2567 propheticis
940 2486 1093 2564 eligentes
1114 2508 1165 2569 aa,

61 2607 141 2671 quae
160 2583 243 2647 dicta
267 2587 338 2645 tunt
363 2585 526 2663 ambigue,
562 2580 729 2643 traducunt
751 2581 792 2642 ad
821 2585 964 2670 proprias
985 2587 1175 2671 opinionetg

61 2708 176 2772 paucas
188 2706 282 2748 voces
294 2685 420 2770 sparsim
435 2695 614 2768 carpentes,
636 2704 740 2769 neque
756 2681 789 2743 id
805 2683 1051 2764 commentatas,
1079 2670 1180 2773 quod¹

63 2809 101 2850 ex
113 2789 187 2875 ipsit
201 2787 407 2869 fignificatur,
433 2783 488 2847 ted
506 2785 573 2868 ipsa
594 2782 680 2846 nuda
700 2781 837 2846 dictione
857 2796 997 2851 utentem
1035 2789 1117 2853 Nam
1131 2790 1175 2855 in.

63 2891 208 2953 omnibus
226 2889 296 2950 fere
317 2907 397 2972 quos
416 2883 577 2947 adducunt
596 2883 673 2945 locis
701 2883 785 2967 ipsos
814 2886 879 2945 sola
904 2885 1021 2950 intueri
1041 2889 1168 2954 videbis

64 2990 206 3068 cominu,
228 3000 265 3050 ut
282 2988 336 3072 qui
349 2998 475 3049 mutent
488 2987 675 3066 significata,
703 3004 807 3069 neque
825 2986 1097 3070 quemadmodum
1112 2989 1170 3054 di-

65 3102 173 3153 cuutur
184 3092 389 3169 cognoscant,
417 3109 521 3173 neque
538 3087 578 3149 iis
593 3108 670 3172 quaa
691 3086 826 3148 allerunt
841 3089 1101 3172 allegationibus,
1121 3093 1177 3169 ita„

65 3202 96 3254 n
110 3212 223 3256 earum
237 3202 347 3253 natura
362 3191 516 3275 postulat,
543 3186 710 3251 utantur.”
757 3187 840 3249 Huic
860 3188 1093 3255 haereticorum
1110 3192 1170 3256 in·-

66 3290 255 3378 tarpretandi
268 3291 382 3355 rationi
398 3293 485 3352 luam
500 3289 633 3375 opponit
646 3285 768 3349 verbisz
800 3285 957 3364 „Veritas
977 3303 1085 3355 autem
1100 3314 1169 3357 non

10 3406 12 3411 '
65 3390 222 3459 iuvenitur
234 3394 268 3455 iu
281 3391 487 3455 translatione
501 3390 764 3471 significationum
783 3388 838 3463 (fic
859 3387 945 3449 enim
959 3413 1089 3456 omnem
1104 3413 1169 3456 ve·-

65 3512 126 3559 tam
140 3505 322 3559 everterent
344 3490 551 3570 doctrinam),
574 3490 627 3554 led
648 3491 681 3552 in
700 3510 756 3566 eo,
784 3487 869 3574 quod
890 3490 959 3577 quis
980 3491 1169 3570 confideret,

10 3600 15 3688 ζ
65 3592 135 3679 quid
158 3592 291 3660 domino
311 3606 345 3656 et
364 3592 577 3679 omnipotenti
598 3591 670 3654 Deo
691 3592 831 3675 perfecte
851 3594 1019 3655 conveniat
1038 3604 1071 3654 et
1091 3609 1170 3655 eum

10 3704 29 3751 't
65 3690 187 3776 deceat,
211 3709 245 3759 et
257 3696 291 3757 in
306 3715 362 3774 eo,
384 3705 422 3755 ut
436 3696 602 3758 confirmet
614 3686 864 3777 unumquodqde
878 3713 921 3755 ex
933 3694 989 3771 iis,
1008 3711 1090 3778 quae
1100 3689 1169 3757 ¹de·-

10 3988 19 4135 l

22 3802 25 3813 '
60 3800 272 3862 monstrantur
290 3816 348 3881 per
365 3796 548 3881 scripturas,
575 3817 617 3857 ex
636 3795 710 3880 iplis
730 3794 833 3855 rursus
854 3794 1009 3856 limilibus
1029 3792 1170 3875 scriptu-

15 3892 142 3962 =ria.”
194 3897 308 3984 Neque
337 3909 446 3961 tamen
474 3919 513 3960 eo
543 3894 583 3960 ad
610 3897 737 3958 literam
764 3897 863 3960 libros
886 3900 987 3960 locros
1009 3892 1170 3977 explicaro

60 3999 190 4063 omnino
203 4011 310 4080 retat3
328 4000 438 4063 multia
453 3999 560 4085 potius
573 3997 651 4059 locis
663 3997 789 4060 literam
806 3997 957 4060 aestimat
986 3992 1036 4056 lu
1049 4013 1082 4054 v
1091 4014 1117 4057 c
1131 3994 1170 4061 in

10 4099 237 4225 fragmento
249 4101 446 4185 Hypotypol'.
461 4095 545 4186 apud
558 4097 765 4185 Potterump.
781 4104 860 4165 1014
874 4098 970 4161 verba
987 4106 1003 4159 t
1020 4090 1090 4156 cor.
1104 4091 1170 4176 xl,-

10 4182 99 4279 'tu
116 4195 179 4271 dcci
194 4196 275 4279 τοὺς
298 4191 477 4288 ἀγγέλους
465 4210 709 4287 interpretatur.
728 4189 905 4283 Ἅγγέλους
919 4191 1006 4283 φησὶ
1017 4187 1097 4280 aaut
1111 4192 1170 4264 das

715 4301 747 4368 D
772 4314 792 4370 2
