2572 4770
367 262 549 359 Didymue
574 262 820 362 (molegio).
1056 276 1150 349 ,337

36 447 151 514 andire
163 458 304 536 patrem,
332 444 479 526 ejusdem
495 459 627 513 naturae
643 449 677 512 in
690 461 781 536 patre
795 458 828 513 et
838 446 907 514 silio
920 448 1153 542 consensusque

37 551 224 633 significatio
238 550 311 626 est„
327 546 383 628 (de
395 550 441 633 sp.
453 549 517 610 scto
529 548 573 613 11.
588 574 618 636 p.
633 555 719 631 616),
761 549 888 614 ”Filius
900 550 1013 616 erdem
1029 568 1153 641 epatre
1257 584 1263 597 ·

39 654 183 737 accipere
201 648 333 728 dieitur,
364 649 479 734 quibus
491 649 557 735 ipse
573 652 721 729 rubfitut3
752 653 956 736 nequeenim
972 653 1050 741 quid
1062 654 1155 723 eliud

39 757 88 818 est
101 753 206 829 silius,
228 749 368 835 exceptis
384 749 436 811 his
450 770 532 835 quoe
546 750 577 812 ei
591 749 707 814 danttrr
721 763 842 836 epatre
860 754 981 839 (neque
994 755 1057 818 alie
1071 756 1153 819 sub-

39 855 153 922 stantia
181 853 226 914 est
252 851 378 937 spiritus
399 851 495 913 sancti
516 836 702 936 proeterid
724 848 809 935 quod
832 847 927 913 datur
946 856 977 918 ei
996 877 1015 918 a
1035 857 1156 943 ulio)„'

40 957 100 1034 (ib.
113 977 145 1039 p.
164 954 251 1030 516).
293 949 459 1013 Uberrime
477 951 568 1014 libris
589 949 630 1013 de
642 952 783 1013 trinitate
803 942 960 1029 (maxime
977 958 1031 1020 lib.
1045 957 1088 1039 1.)
1108 957 1154 1032 de

40 1054 207 1125 homousia
229 1052 327 1138 patrie
347 1053 469 1138 filiique
488 1053 593 1131 noster
610 1053 683 1132 ogit.
728 1049 825 1131 „Qui
840 1053 908 1116 filio
921 1053 1070 1137 credunt,
1088 1078 1154 1122 ve-

40 1158 105 1221 reri
124 1177 189 1217 non
208 1152 348 1233 debent,
375 1174 418 1216 ne
438 1126 636 1231 accuseniur,
666 1151 753 1238 quod
775 1154 889 1217 creetis
908 1153 971 1218 diis
991 1157 1154 1236 (πιστοῖς

40 1258 159 1336 θεοῖς)
186 1257 343 1316 honorem
371 1263 405 1314 et
431 1254 564 1334 gloriam
590 1251 758 1317 reserant”
784 1250 848 1332 (de
873 1240 914 1318 tr.
936 1253 963 1335 I,
987 1267 1016 1323 7.
1043 1279 1075 1344 p.
1100 1263 1158 1341 1).¹

43 1355 253 1442 „Numquid,
276 1353 429 1415 haeretici
445 1352 595 1439 inquiunt
609 1356 667 1433 (ib.
684 1367 713 1420 9.
734 1372 766 1440 p.
782 1365 811 1420 8.
827 1356 880 1435 9),
908 1357 1021 1420 volens
1042 1360 1156 1438 genuit

42 1460 150 1538 Deue,
173 1479 212 1541 en
228 1451 366 1541 nolent?
399 1452 466 1516 Sed
484 1474 544 1516 nos
557 1456 661 1539 prius,
689 1452 822 1540 quinam
835 1456 872 1519 fit
886 1456 1016 1520 illorum
1029 1452 1160 1548 scopud,

44 1560 149 1625 dicere
168 1567 311 1645 oportet,
338 1566 409 1616 tum
426 1554 627 1640 respondere.
675 1554 797 1619 Eorum
814 1578 888 1638 ergo
905 1560 1017 1645 scopus
1031 1562 1092 1639 est,
1115 1570 1157 1626 ut

43 1675 152 1725 contra
171 1658 330 1744 simplices
345 1655 495 1733 homines
507 1674 550 1716 ex
562 1654 712 1717 utralibet
726 1657 927 1741 responsione
941 1663 1157 1740 objectionem

43 1758 169 1824 ducant.
221 1757 353 1823 Nam-si
378 1752 586 1840 respondeas:
621 1754 877 1836 Noleua'genuit
904 1760 1015 1841 (nemo
1044 1775 1158 1830 autent

42 1863 118 1949 ipsus
135 1863 177 1923 sic
195 1854 391 1943 respoudit),
420 1853 546 1917 dicunt:
568 1853 653 1934 Ergo
670 1853 756 1940 quod
771 1876 836 1919 non
851 1858 924 1919 vutt
937 1858 1044 1940 Deus,
1066 1864 1158 1949 purif

42 1975 95 2026 tur
110 1964 212 2023 filiurn
231 1976 404 2038 genereus,
427 1956 564 2016 naturali
576 1956 756 2018 necessitate
769 1957 873 2042 ipsum
884 1957 1020 2021 invitum
1037 1959 1079 2023 ed
1094 1963 1159 2027 hoo

44 2060 189 2142 nogento.
232 2054 677 2140 Sinreroipsiereposuerie:
708 2055 972 2138 Volensgerruit3
993 2060 1159 2127 inferunt&
1192 2040 1197 2045 .

42 2162 129 2241 Ergo
148 2159 207 2221 filii
224 2158 386 2237 generatio
403 2176 445 2219 err
462 2154 560 2241 patris
575 2157 740 2218 voluntate
757 2155 893 2242 pendet,
915 2179 997 2243 quae
1011 2159 1160 2223 existen-⁴
1254 2146 1258 2159 ⁸

41 2264 122 2326 tiam
144 2260 203 2344 ipsi
222 2279 280 2343 per
299 2257 493 2321 creationem
514 2253 577 2320 det.
609 2266 612 2271 '
629 2253 771 2320 Maxime
790 2271 898 2321 autem
915 2261 1056 2323 liberalis
1080 2250 1160 2340 (⁸13⁴

10 2400 12 2405 ,
41 2353 222 2444 vouocuicp)
242 2362 289 2422 est
306 2359 365 2422 isto
383 2356 560 2443 responsio,
587 2376 664 2419 nem
682 2360 883 2423 voluntatem
902 2373 936 2424 et
955 2340 1158 2427 noiantatem

43 2456 296 2546 (decertarier)
317 2471 351 2522 et
368 2480 499 2522 omnem
519 2457 741 2538 cogitationem
757 2457 916 2523 antecedit
932 2482 1005 2523 cum
1019 2461 1111 2525 Deus
1121 2473 1160 2527 et

42 2576 135 2652 peter
152 2562 207 2647 qui
222 2561 403 2640 generarit,
425 2571 495 2622 tum
511 2556 660 2644 splendor
672 2560 790 2640 gloriae
804 2559 910 2641 illiue,
927 2562 1030 2638 filius,
1051 2562 1160 2625 nihil·-

12 2744 17 2753 ·
43 2685 108 2752 que
130 2660 277 2725 medium
299 2661 382 2723 iuter
404 2661 490 2721 hunc
507 2669 541 2720 et
561 2659 671 2738 illurn,
699 2681 743 2724 ex
764 2683 828 2747 quo
849 2665 909 2740 est,
938 2644 1068 2740 cogitari
1088 2681 1158 2746 po-

43 2766 115 2827 test.
165 2761 322 2825 Similiter
340 2773 372 2822 et
387 2759 492 2838 imago
507 2757 572 2821 Dei
590 2761 620 2823 se
637 2762 743 2823 habet.
793 2761 847 2824 Est
865 2774 973 2824 autem
991 2771 1160 2846 praeterea

42 2866 131 2931 tttius
147 2864 249 2948 prime
268 2860 450 2937 existentia,
479 2879 561 2943 quae
580 2860 666 2922 vesle
688 2872 742 2922 eut
764 2862 850 2923 nolte
868 2859 995 2945 incipit,
1022 2879 1080 2921 nee
1093 2857 1159 2922 de-

42 2967 117 3031 finit
137 2955 170 3045 (ὃ
184 2957 256 3039 υἱὸς
269 2953 329 3026 οὐκ
348 2953 513 3044 ἀρχομένη
527 2949 607 3023 οὐδὲ
624 2955 797 3044 παυομένη
811 2947 927 3046 πρώτη
940 2953 1085 3045 saeptae
1096 2955 1159 3046 τῆς
1216 2952 1226 2967 ’

42 3057 221 3152 &ripaeos
241 3058 263 3150 ἢ
282 3059 328 3148 μὴ
342 3052 540 3143 θελήσεως).
576 3057 764 3123 'Generavit
780 3081 854 3139 ergo
872 3061 904 3121 in
921 3074 1050 3141 natura,
1074 3082 1160 3148 quae

45 3168 176 3231 consilio
196 3177 229 3229 et
246 3174 354 3233 mente
374 3160 516 3246 superior
533 3160 587 3222 est.
635 3156 700 3221 Sed
719 3160 846 3244 insuper
858 3161 933 3239 ista,
961 3182 1057 3248 quarn
1077 3184 1160 3248 pro·

43 3278 187 3357 ponunt,
222 3263 362 3352 quaestio
381 3258 571 3323 absurditate
595 3259 691 3344 plena
714 3260 802 3337 est”,
834 3270 866 3321 et
885 3282 937 3345 qu.
953 3263 996 3348 sq.
1020 3262 1158 3343 (velutit
1231 3334 1238 3344 ,

45 3366 113 3450 „si
131 3367 239 3431 omnia
260 3387 319 3452 per
341 3362 446 3424 filium
463 3381 506 3423 ex
521 3360 689 3423 voluntate
707 3360 806 3445 patris
827 3364 908 3423 sactu
929 3363 992 3424 esse
1013 3360 1158 3443 eredunt,

11 3491 112 3553 „noo
137 3467 319 3554 praeexistit
342 3464 508 3541 voluntas3
538 3458 610 3522 fieri
630 3459 718 3522 enim
738 3460 828 3522 nullo
848 3459 946 3524 modo
965 3465 1083 3548 potest,
1120 3469 1159 3525 ut

44 3571 157 3656 opisex
169 3590 236 3631 non
248 3566 406 3642 subfistat,
429 3573 462 3625 et
472 3560 580 3648 postea
592 3573 723 3649 putetur
734 3558 855 3647 aliquid
873 3582 931 3648 per
946 3562 1048 3647 ipsum
1063 3578 1158 3625 cree-

44 3683 118 3739 turn
130 3671 247 3750 esse”).
289 3666 462 3753 „Ipsorum
481 3663 538 3743 (ib.
555 3677 604 3728 ιο.
626 3684 658 3748 p.
677 3669 726 3728 rt.
741 3664 795 3740 15)
814 3661 972 3727 emerium
987 3660 1082 3724 inane
1094 3661 1157 3725 hoo

45 3783 80 3837 et
92 3769 264 3835 adsurdum
276 3767 452 3852 sophisma,
473 3762 658 3843 hujusmodi
672 3764 778 3825 verbis
791 3763 986 3849 expositumr
1021 3759 1056 3824 si
1068 3770 1161 3851 totae¹

45 3873 251 3956 generatirus
271 3859 486 3953 (γεννητικὸς)
510 3866 557 3929 est
574 3864 735 3944 ingenitur
751 3857 858 3942 Dens,
885 3860 1159 3925 nonsubstantie-
1249 3890 1256 3917 ι

44 3975 122 4039 liter
134 3965 335 4052 (οὖσιωόὦς)
351 3977 519 4047 generatur
535 3965 637 4043 estis,
663 3963 717 4051 qui
730 3975 899 4044 generatur
915 3964 976 4037 est,
1000 3978 1074 4023 carn
1088 3970 1157 4028 tote

45 4072 147 4162 ipsius
160 4071 326 4147 substantia
342 4069 458 4131 hubert
472 4065 550 4144 hoc,
572 4063 658 4152 quod
674 4066 720 4128 est
733 4082 899 4145 generare,
922 4081 987 4124 non
1000 4078 1079 4125 vero
1092 4078 1156 4145 ge-

45 4173 165 4243 nerari.
192 4166 665 4253 sttaadnnrrerponronn.
705 4163 741 4232 Si
755 4160 951 4247 totrtoreit
961 4160 1162 4253 conruere,-
