2572 4770
120 262 176 329 ,80
434 198 521 349 dap.
549 256 600 325 ΓῙ.
648 253 932 333 Harmeaautica.

127 432 227 517 (salva
241 431 355 498 scilicet
365 432 553 501 anctoritate
568 448 601 499 et
616 436 747 517 Christi,
775 435 829 499 ubi
841 436 945 500 Vetus
956 430 996 496 T.
1013 427 1054 493 de
1068 426 1242 513 semetipso

126 535 366 620 interpretatur,
389 552 438 619 et,
458 553 495 602 ut
508 540 643 603 Paulum
657 543 705 617 (et
719 560 768 622 ep.
787 537 825 599 ad
834 538 931 598 Hebr.
945 535 1123 610 auctorem)
1139 548 1246 615 prae·-¹

126 647 265 715 teroem,
289 635 375 700 Petri
388 641 520 724 apostoli
533 640 712 727 posterioris
726 660 775 723 ep.
789 636 816 717 I,
835 640 984 714 19—21)
1008 634 1105 694 lolam
1126 650 1243 711 gram-

126 737 276 801 maticam
290 739 312 800 Γ.
328 740 350 800 Γ.
367 739 661 826 interpretationem
674 743 766 803 unice
781 759 891 800 veram
908 738 1100 809 habeamus,
1120 751 1243 817 repre-

127 836 320 902 hendendus
342 841 434 917 nobis
456 843 516 904 erit
539 842 714 924 Origenes,
741 838 827 926 qnod
845 850 971 924 praeter
985 834 1144 897 literalem
1159 834 1242 897 atina

128 939 172 1011 V.
186 939 225 1002 T.
238 942 343 1003 lenius
355 944 417 1004 else
441 943 564 1020 statuit,
590 945 761 1004 immemor
780 943 841 1003 hoc
862 943 950 1016 loco,
979 935 1074 999 nimis
1096 937 1164 1011 jam
1183 951 1244 995 re-

128 1040 219 1123 gulas
230 1041 484 1106 lrcrmaneuticas
499 1045 626 1105 arbitrio
645 1043 703 1104 niti
716 1055 748 1105 et
763 1045 914 1103 sacrarum
928 1036 1025 1100 fidem
1038 1035 1244 1098 historiarum

127 1153 433 1229 praeceptorumque
448 1143 630 1206 divinorum
643 1145 791 1230 perverti.
840 1138 973 1203 Accedit
984 1139 1127 1222 insuper,
1153 1128 1244 1222 quod

129 1262 172 1307 ne
189 1245 246 1305 loli
267 1241 398 1328 quidem
417 1245 529 1307 Veteri
548 1245 586 1308 T.
611 1246 778 1325 allegorias
801 1245 905 1305 noller
923 1243 1035 1313 insert,
1068 1233 1243 1298 sedetiam

128 1344 242 1419 Novo,
265 1345 309 1407 ita
327 1357 363 1406 ut
383 1345 511 1408 Veteris
530 1349 584 1407 loa
608 1346 828 1430 interpretatio
848 1347 893 1405 lat
911 1343 1004 1403 finan
1026 1334 1241 1400 fundamento

22 1450 24 1455 ’
130 1464 236 1510 carere
248 1466 287 1507 eo
303 1444 473 1508 dilucidius
485 1445 641 1510 videatur.
678 1447 835 1509 Attamen
850 1441 938 1506 haud
950 1437 1242 1503 mediocriterOri-

130 1568 227 1628 genea
247 1545 288 1608 da
312 1546 434 1608 ratione
457 1547 479 1608 Γ.
499 1550 521 1608 Γ.
548 1545 802 1634 interpretandae
826 1546 960 1607 meritus
987 1544 1038 1604 epa
1054 1539 1240 1605 censendus.

31 1684 34 1689 -
128 1646 365 1727 Allegoriarum
378 1644 518 1709 stadium
528 1649 662 1711 minima
681 1662 749 1711 erat
762 1668 898 1721 novum3
928 1646 1080 1706 floruerat
1098 1645 1165 1721 jam
1184 1643 1242 1705 in-

16 1818 21 1835 .
129 1758 181 1813 ter
199 1745 336 1811 Grtecoa
364 1762 396 1811 et
414 1747 569 1827 ludaeos,
602 1761 697 1835 atque
721 1745 938 1812 Alexandriae
962 1757 1088 1829 praeter
1112 1746 1241 1817 ascetae,

131 1869 212 1936 quoa
224 1848 378 1913 Eusebitls
392 1851 461 1912 tritt.
479 1852 552 1913 eccl.
566 1850 609 1929 II,
629 1864 666 1916 17
682 1860 926 1922 commemorat,
955 1846 1066 1924 Philo,
1091 1843 1241 1912 Clemens

132 1962 167 2013 et
178 1949 418 2013 Ammonius'ei
432 1953 496 2013 lale
512 1949 667 2014 dederant
680 1946 1140 2030 (ctrllnshemiiiiommentar.
1155 1943 1240 2010 laud.

10 2084 13 2089 ·
130 2072 165 2138 p·
181 2057 377 2129 oto—634,
404 2049 638 2114 Rosenmiiller.
659 2053 681 2115 l.
701 2053 722 2114 l.
743 2073 773 2136 p.
791 2052 958 2127 51—5a);
984 2047 1132 2127 ledvaga
1146 2070 1243 2134 pror-

131 2152 185 2215 ius
197 2164 228 2213 ct
244 2153 392 2214 omnibus
407 2173 510 2235 paene
524 2153 647 2231 legibus
661 2163 694 2213 et
707 2153 824 2231 regulis
835 2152 937 2212 'soluta
952 2160 1020 2210 erat
1034 2160 1108 2210 ante
1121 2147 1244 2231 Orige-

131 2271 207 2314 nem
221 2252 444 2331 allegoriarum
456 2251 531 2313 sacri
545 2252 660 2314 codicia
677 2252 886 2331 investigatio.
935 2248 1091 2328 Origenes
1110 2248 1242 2314 demum

131 2370 205 2412 eam
218 2351 274 2412 lob
289 2364 389 2414 certas
403 2354 528 2431 regulas
542 2352 654 2431 coiigit.
674 2351 842 2414 Praeterea
856 2371 906 2429 en,
920 2348 1006 2436 quod
1019 2352 1244 2430 allegoriarum

131 2447 270 2515 itudium
289 2451 388 2529 fovit,
415 2452 602 2537 repugnavit
628 2451 719 2513 alteri
737 2452 879 2537 oppofito
903 2453 996 2536 eique
1015 2452 1242 2538 periculoliori‚

131 2552 387 2637 interpretationi
409 2553 525 2613 carnali
546 2565 579 2613 et
598 2553 782 2630 illiteratae,
820 2553 871 2612 cui
889 2553 953 2635 ipse
975 2550 1156 2618 adolescens
1179 2554 1245 2619 ad-

131 2651 236 2715 dictus
253 2653 358 2715 fuerat
380 2653 583 2733 (memoriam
602 2655 735 2716 carnalia
756 2653 816 2715 loci
838 2653 1245 2733 Matth.xlx,1ainter-

129 2752 319 2842 pretationis
337 2753 372 2814 in
392 2754 448 2814 suo
466 2754 563 2838 ipllus
588 2774 718 2837 corpore
739 2756 892 2816 servatam
905 2756 1047 2834 gerebat)
1066 2768 1099 2819 et
1119 2755 1161 2821 de
1179 2781 1244 2846 qua

131 2853 256 2918 comm.
277 2850 311 2914 in
329 2851 443 2916 Matth.
465 2854 505 2916 T.
524 2852 599 2932 XV,
624 2865 654 2919 3.
681 2855 745 2916 vol.
764 2853 824 2931 ΙΙΙ,
848 2861 924 2918 654:
958 2844 1074 2934 Ἡμεῖς
1097 2855 1152 2936 di,
1188 2862 1242 2935 ait,

128 2946 281 3040 Χοιστὸν
303 2951 389 3016 θεοῦ
406 2947 465 3017 τὸν
482 2945 581 3038 λόγον
603 2951 665 3015 τοῦ
687 2953 773 3017 θεοῦ
795 2954 878 3018 κατὰ
896 2947 1004 3041 σάρκα
1025 2956 1081 3020 καὶ
1099 2956 1243 3025 κατὰτὸ

127 3046 265 3139 γράμμα
286 3050 371 3116 ποτε
388 3045 582 3137 νοήσαντες,
614 3053 670 3116 νῦν
694 3047 807 3118 οὐκέτι
832 3049 1061 3140 γινώσκοντες,
1096 3049 1157 3122 οὐκ
1182 3053 1243 3125 εὐ-

128 3148 291 3230 δοκοῦμεν
312 3140 358 3226 ὡς
375 3150 485 3229 καλῶς
502 3146 699 3238 tractantur
718 3155 787 3230 τοῖς
805 3157 861 3221 καὶ
877 3152 935 3221 τὸν
952 3155 1066 3245 τρίτον
1089 3152 1243 3242 εὐνουχι-

127 3244 212 3332 σμὸν
230 3241 363 3328 ἑαυτοῖς
380 3247 554 3343 προφάσει
571 3255 631 3341 τῆς
647 3251 823 3336 βασιλείας
839 3259 903 3322 τῶν
917 3251 1064 3345 οὐρανῶν
1074 3251 1244 3346 ἐπάγουσι

127 3352 185 3433 (cf.
200 3344 341 3415 Neandri
355 3354 387 3416 S.
404 3357 446 3420 V.
462 3355 519 3419 der
531 3358 607 3421 lteil.
625 3356 865 3438 Chrylollomus
879 3362 913 3424 Ρ.
927 3361 969 3425 Π.
990 3384 1021 3448 p.
1039 3367 1126 3443 302).
1171 3363 1242 3428 Hac

125 3449 259 3517 demum
277 3459 487 3539 repugnantia
507 3456 589 3521 ellici
609 3461 729 3544 potuit,
758 3473 809 3540 ut,
839 3463 924 3549 quod
942 3464 1123 3526 maximum
1142 3464 1243 3550 ipliua

125 3556 277 3621 meritum
289 3556 524 3638 haberidebet,
553 3562 658 3625 nolter
679 3562 849 3647 primum
871 3565 1062 3629 literatae
1084 3568 1106 3629 Γ.
1128 3567 1152 3628 Γ.
1172 3567 1243 3629 in·

127 3659 438 3746 terpretationia
453 3694 496 3708 -
523 3682 586 3746 qua
605 3675 784 3727 commotus
805 3685 870 3727 non
889 3666 1037 3750 procelfit
1055 3664 1096 3728 ad
1112 3667 1242 3750 allego-

125 3758 209 3841 ritta,
224 3759 284 3822 nifi
296 3759 384 3822 lanio
397 3759 605 3840 grammatico
617 3774 710 3825 antea
726 3762 875 3847 indagato
890 3779 984 3854 atque
999 3767 1186 3834 examinato
1198 3805 1241 3822 -

127 3859 549 3941 (commentariorum)
573 3866 802 3950 exemplum
825 3864 992 3932 dederit
1014 3867 1093 3948 (vid.
1111 3867 1241 3935 Erneiti

128 3980 243 4024 comm.
259 3948 389 4024 l'audata
404 3963 427 4045 l.
440 3973 498 4049 ξος
528 3963 567 4024 cf.
582 3985 645 4050 quo
667 3987 708 4029 ue
727 3967 916 4052 (polemico)
937 3970 1139 4053 exegetictun
1157 3969 1241 4038 Ori-

127 4061 218 4139 tenia
234 4061 398 4129 confilium
411 4061 447 4127 in
458 3988 688 4132 conscribendis
703 4068 875 4156 hexaplis>
898 4104 904 4117 =
