2572 4770
323 294 480 364 ctemm
506 292 691 388 (acation,
720 293 917 391 siceleg).
1040 318 1048 339 ‘
1100 300 1177 377 tta

58 475 156 568 psap·
179 471 221 543 τὸ
233 467 298 562 yoip
312 467 421 559 στόμα
433 468 566 562 κυρίου,
586 470 627 540 τὸ
641 466 738 561 ἅγιον
747 475 878 559 πνεῦμα
889 469 1049 564 ἐλάλησεν
1058 478 1177 551 vaureu

59 578 152 664 Quin
174 581 273 644 etiam
294 597 313 639 a
329 577 483 640 sententia
496 574 536 640 de
552 578 707 642 librorum
719 581 875 642 sacrorum
889 581 1091 667 inspiratione
1106 581 1177 645 sin-

59 685 141 767 gula
165 679 204 744 ad
224 681 323 743 verba
341 680 523 765 pertinente
535 676 681 764 proxhna
696 683 800 745 abesse
817 682 959 762 videtur,
986 685 1104 805 quippe
1118 681 1176 771 qus

58 788 86 850 l.
105 787 128 848 l.
144 806 175 899 p.
167 794 225 853 ,71
245 783 326 844 haec
348 782 442 842 verba
463 771 697 863 iecerit.‘1cpit
718 779 780 868 γὰρ
803 773 848 859 ὡς
857 776 1057 903 rstipitis
1017 806 1060 849 w
1078 778 1175 874 iape-

62 881 228 949 ποιοῦντα
247 903 304 945 και
297 880 550 944 θεοποιοῦπο
568 873 760 1002 γράμματα
791 869 871 960 ἐξ
845 906 890 946 ων
905 880 1104 970 γραμμάτων
1116 888 1174 954 καὶ

61 981 277 1064 σολλαβῶν
301 981 379 1044 τῶν
408 974 529 1063 ἱερῶν
555 978 615 1058 τὰς
632 980 846 1066 συγκειμένας
864 982 1011 1071 γραφὰς,
1037 984 1174 1054 rinuv-

58 1076 213 1168 τόγματα
220 1129 232 1160 ,
261 1073 280 1146 ὁ
299 1072 400 1155 αυτὸς
421 1071 618 1157 tinniensem
636 1074 827 1160 ἀπόστολος
844 1080 1090 1165 θεοπνιοοὲους
1107 1110 1174 1153 κα-

58 1181 122 1249 λεῖ.
167 1181 263 1264 Quod
275 1195 382 1245 autem
396 1180 602 1246 llliinsclrerus
615 1181 864 1265 Dogmengesch.
879 1184 906 1264 1,
925 1195 983 1253 ata
998 1188 1174 1272 contendit,

59 1285 211 1364 ambiguo
228 1282 370 1346 Platonis
385 1285 453 1345 loco
466 1282 605 1369 quodam
619 1283 659 1346 ad
674 1283 952 1349 demonstrandam
967 1287 1052 1350 Novi
1062 1289 1099 1354 T.
1114 1291 1174 1354 in-'·

58 1385 265 1474 spirationem
289 1385 488 1449 Clementem
511 1386 601 1446 usum
622 1387 701 1464 esse,
729 1384 761 1446 id
777 1388 809 1448 in
826 1388 907 1449 hanc
920 1389 1026 1474 potina
1040 1391 1174 1455 senten-

59 1488 140 1550 tiam
160 1488 205 1548 est
228 1484 518 1571 interpretandum,
551 1485 750 1549 Clementem
769 1487 846 1567 (Str.
860 1490 902 1567 V,
921 1499 968 1567 tt,
986 1495 1063 1570 697)
1080 1509 1173 1556 moro

60 1587 118 1652 suo
131 1585 351 1651 Platonizante
367 1584 494 1664 dixisse,
522 1606 539 1647 a
553 1585 686 1650 Platone
707 1591 873 1651 manifesto
894 1592 1074 1655 testimonio
1091 1615 1197 1680 pro-.

58 1688 148 1765 bari,
181 1684 339 1750 Christum
361 1700 392 1749 et
412 1689 600 1773 prophetas,
629 1689 689 1750 hos
705 1687 837 1774 quidem
857 1701 1007 1778 tanquam
1025 1693 1184 1767 declara-c¹
1270 1756 1275 1765 ,

58 1801 113 1854 toa
129 1790 248 1852 liberos
260 1785 340 1865 Dei
369 1788 461 1849 illum
476 1808 663 1869 germanum
677 1791 796 1864 filium,
822 1812 916 1854 veroa
931 1794 992 1855 esse
1006 1796 1172 1860 testeare-

35 1905 133 1957 ‘rum
154 1886 344 1953 divinarum.
399 1888 525 1974 (Neque
545 1891 604 1952 hac
626 1891 748 1952 ratione
768 1882 936 1977 quicquam
961 1906 1067 1958 contra
1092 1895 1172 1962 cla-

58 1990 180 2056 mentia
198 1989 384 2053 sententiam
410 1986 450 2050 de
470 1990 674 2075 inspiratione
694 1989 852 2070 efficitur.)
901 1989 995 2070 Quod
1010 1996 1172 2089 reliquum

58 2094 121 2170 est,
144 2093 242 2156 etiam
256 2087 497 2154 Alexandrinae
510 2089 707 2156 versioni'
659 2113 725 2156 των
741 2111 760 2156 o
751 2083 923 2155 'divinam
937 2086 1086 2160 Clemena
1100 2097 1171 2162 ori-

59 2189 469 2277 pruneriensem,
484 2197 557 2258 lto.
1161 2212 1167 2221 ·

501 2363 730 2447 Theologin.

402 2498 454 2554 De
471 2497 547 2552 Deo
564 2501 599 2553 in
616 2494 826 2571 universum.

144 2600 301 2684 Cogitatio
318 2599 381 2664 Dei
402 2599 443 2664 tie
463 2601 636 2665 Clementia
658 2603 812 2664 sententia
832 2599 958 2665 homini
977 2603 1022 2665 est
1040 2599 1169 2690 innatag

60 2705 102 2770 ei.
117 2702 247 2771 Cobort.
264 2718 293 2781 6,
310 2713 347 2768 59
368 2701 565 2781 („Universn
587 2703 696 2783 generi
717 2704 877 2779 humano,
907 2705 1076 2790 praecipue
1088 2726 1169 2771 vero

59 2806 142 2884 illia,
165 2806 220 2891 qui
235 2804 268 2866 in
282 2801 572 2867 studiialiterarum
585 2803 697 2866 versati
712 2805 799 2882 sunt,
821 2801 928 2864 divina
944 2802 1100 2889 quaedam
1114 2806 1171 2869 se-

59 2907 147 2970 mina
166 2906 238 2968 sunt
255 2904 418 2982 inslillata,
447 2905 600 2991 aquibus
623 2904 716 2966 fateri
738 2906 792 2965 vel
814 2904 906 2965 inviti
927 2915 960 2966 et
979 2905 1169 2971 reluctantes

58 3017 232 3089 coguntur,
255 3027 354 3067 unum
368 3008 429 3069 esse
439 3003 562 3082 Deum,
585 3004 730 3066 interitua
745 3016 894 3090 ortusque
909 3019 1090 3090 expertem,
1113 3007 1170 3095 qni

60 3109 153 3195 supra
166 3127 226 3168 noa
237 3105 272 3166 in
287 3107 391 3193 alique
404 3107 546 3168 coelestia
561 3105 707 3190 planities
722 3106 868 3185 regione,
889 3106 1024 3169 velutin
1041 3110 1170 3195 propria

59 3211 203 3298 specula,
237 3210 361 3294 semper
389 3205 590 3284 versetur”);
625 3202 687 3269 Str.
709 3205 751 3283 V,
775 3215 823 3284 13,
850 3218 910 3273 698
940 3208 1047 3286 („Dei
1072 3210 1169 3278 unius

61 3310 289 3396 omnipotentia
314 3307 524 3369 manisestatio
551 3303 635 3390 apud
665 3326 792 3383 omnes,
834 3307 889 3391 qui
915 3321 999 3370 recte
1033 3312 1168 3396 sapiunt,

60 3411 193 3476 omnino
208 3423 275 3472 erat
290 3409 494 3487 naturalia’s).
545 3403 683 3490 „Itaque
707 3406 762 3483 (ib.
773 3413 868 3471 ott.
890 3428 921 3493 p.
940 3422 1010 3476 729.
1027 3416 1082 3491 30)
1103 3433 1170 3497 po-

60 3514 126 3601 puli
140 3533 271 3589 omnes,
292 3506 358 3572 five
373 3510 530 3570 orientem
547 3508 669 3585 colunt,
685 3507 751 3569 sive
766 3507 857 3569 litora
872 3509 1043 3574 occidentia
1055 3513 1170 3578 ultima

60 3625 182 3688 tenent,
196 3609 310 3675 strand
324 3610 580 3695 septentrionem,
596 3610 660 3670 sive
671 3605 710 3668 ad
723 3606 891 3672 meridiem
903 3613 1057 3691 habitant,
1070 3632 1170 3679 unam

62 3725 92 3777 et
104 3711 243 3777 eandem
260 3715 346 3791 ejus,
370 3731 388 3772 a
403 3731 465 3796 quo
479 3709 654 3771 institutum
668 3709 728 3771 hoc
742 3709 913 3796 imperium
930 3715 992 3792 est,
1011 3713 1170 3798 anticipa-

60 3814 181 3878 tionem
201 3813 338 3885 habent‚
373 3832 445 3873 cum
464 3812 531 3871 loca
558 3811 676 3894 pariter
699 3806 806 3873 o'mnia
835 3816 999 3892 generales
1011 3830 1170 3901 aquaeque

8 3972 10 4007 i
61 3914 216 3978 vieilliua
242 3911 406 3973 effectricie
428 3910 568 3972 actiones
588 3911 773 3995 complexae
786 3913 885 3975 sint.”
927 3911 993 3976 Sed
1007 3916 1171 3995 „minime
1259 3925 1262 3937 '

60 4013 188 4078 scientia
211 4013 361 4098 accipitur
382 4010 626 4074 demonstrativa
649 4008 689 4073 de
701 4009 774 4076 Deo
794 4015 850 4094 (ib.
869 4027 960 4082 612.
980 4037 1011 4101 p.
1029 4027 1100 4084 695.
1115 4023 1149 4098 6)
1157 4030 1178 4101 5·

61 4135 98 4179 aa
120 4115 210 4178 enim
222 4135 265 4178 ex
277 4113 435 4198 prioribus
449 4113 568 4175 constat
581 4124 614 4175 et
627 4132 669 4175 ex
686 4114 879 4195 notioribua;
905 4114 988 4177 nihil
1003 4118 1047 4179 est
1059 4130 1176 4183 autern·

61 4226 135 4282 ante
146 4214 337 4305 ingenitum.
380 4210 489 4278 Restat
506 4213 634 4300 utique,
652 4225 690 4280 ut
709 4212 819 4281 dirina
839 4214 939 4297 gratia
951 4225 985 4304 at
998 4216 1085 4300 solo,
1109 4216 1169 4306 gul
