2572 4770
148 306 225 384 256
473 304 563 398 Gap.
589 302 658 375 sss.
710 301 942 396 Dogmatico:

147 485 257 551 anima
278 472 357 549 vero
369 482 433 550 Dei
442 471 513 549 'lilii
531 480 762 569 redemptionis
777 480 918 569 pretium
936 499 995 568 pro
1010 480 1105 546 nobis
1118 480 1195 550 data
1207 486 1261 567 est,

150 606 218 649 non
238 597 347 648 autern
366 584 493 672 spiritus
511 587 598 665 ejus3
624 595 717 649 antea
730 584 818 648 enim
831 582 915 669 patri
932 603 1009 647 eum
1021 583 1219 652 tradiderat.
1234 612 1261 669 ‚3

145 680 202 750 sed
224 706 330 774 neque
351 706 485 773 corpus3
510 685 593 748 nihil
613 684 701 747 enim
721 681 880 764 ejusmodi
894 682 935 747 de
949 684 1006 746 illo
1019 686 1145 774 scriptis
1160 689 1260 753 uadi-

145 797 218 850 tum
238 787 461 871 comperimus.
509 784 551 848 Et
574 786 725 871 quoniam
746 806 804 870 pro
827 784 938 849 multis
960 785 1068 850 anima
1087 787 1189 874 ipsius
1207 813 1259 854 ra-

148 881 344 971 demptionis
355 887 493 972 pretinm
509 884 581 947 data
594 887 657 964 est,
679 906 738 948 neo
751 882 837 970 apud
851 906 927 947 eum
939 886 1110 967 remansit,
1140 891 1193 952 cui
1207 914 1259 955 ra-

146 984 342 1074 damptionis
361 986 502 1074 pretium
521 1007 580 1072 pro
600 987 712 1049 multis
734 984 808 1047 data
831 987 950 1064 suerat,
986 985 1098 1052 iccirco
1119 987 1170 1055 Ps.
1185 992 1257 1058 XV.

104 1078 108 1085 ¹
145 1086 209 1151 aitr
235 1085 309 1151 Non
327 1085 530 1173 derelinques
550 1085 691 1149 animam
711 1106 819 1149 meam
836 1084 870 1146 in
882 1084 1047 1150 inferno.”
1089 1087 1142 1154 cf.
1161 1093 1196 1154 in
1209 1114 1256 1179 ep.

145 1183 188 1251 ad
201 1183 297 1248 Rom.
312 1184 354 1252 L.
368 1185 411 1251 Π.
432 1186 657 1265 v01.1v,4os.
701 1183 750 1250 Ita
764 1190 806 1266 (c.
824 1183 903 1250 Cels.
918 1182 945 1265 I,
961 1196 1012 1252 31.
1036 1209 1068 1273 p.
1087 1196 1167 1272 ate)
1186 1196 1258 1273 „eis

46 1274 49 1279 ⁵
143 1288 204 1353 lrac
223 1288 256 1350 in
275 1308 309 1350 re
327 1287 439 1352 similis
459 1284 707 1366 terechristus),
735 1287 791 1372 qui
811 1296 949 1349 mortem
967 1291 1192 1375 oppetierunt,
1226 1308 1259 1358 ut

143 1388 281 1477 patriam
300 1389 389 1450 suam
409 1407 428 1449 a
448 1384 603 1467 grassante
621 1385 800 1470 pestilentia
815 1397 870 1449 aut
882 1388 1045 1451 sterilitate
1059 1404 1118 1455 aut
1130 1406 1259 1482 tempe-

142 1486 276 1552 statibus
294 1488 475 1551 liberarent.
523 1484 573 1549 lta
592 1485 680 1550 enim
699 1496 810 1548 natura
829 1501 1048 1574 comparatum
1067 1492 1201 1560 ridetur
1217 1501 1255 1561 ob

142 1606 273 1651 manaa
285 1588 460 1674 multisque
471 1586 616 1650 difficiles
630 1598 723 1672 captu
735 1587 893 1665 rationes,
920 1599 957 1652 ut
974 1591 1069 1654 unius
1083 1594 1158 1672 justi
1172 1618 1256 1662 mors

141 1689 255 1773 sponte
276 1689 419 1774 suscepta
446 1685 620 1752 daemones
645 1689 720 1751 illos
743 1701 948 1769 averruncet,
982 1692 1037 1777 qui
1066 1697 1255 1779 pestilentie,

27 1782 34 1803 '
140 1788 306 1851 sterilitate
332 1800 388 1851 aut
409 1789 667 1874 tempestatibus,
696 1788 830 1874 aliisque
852 1786 888 1850 id
907 1810 1009 1869 genus
1027 1795 1255 1864 calamitatibus

140 1899 244 1953 terras
256 1900 385 1954 vexant.
416 1889 533 1953 Dicant
544 1890 649 1971 igitur,
662 1889 718 1975 qui
733 1890 848 1951 nolunt
862 1889 1106 1960 credereJesum
1119 1899 1155 1960 in
1166 1922 1255 1964 cruce

138 1988 313 2053 hominum
326 1992 415 2053 causa
429 2002 567 2053 mortam
580 1991 707 2068 obiisse,
736 2010 778 2051 an
798 2011 865 2050 non
883 1992 1057 2057 multarum
1071 2018 1253 2078 graecarum

139 2101 176 2153 et
201 2092 406 2154 barbararum
432 2091 635 2154 historiarum
660 2088 726 2153 fida
752 2086 881 2153 credant
902 2091 1059 2176 quosdam
1082 2119 1143 2184 pro
1164 2101 1252 2164 saluti

139 2189 306 2253 communi
327 2191 505 2254 occubuisse
528 2202 649 2270 morte,
678 2200 715 2252 ut
733 2192 773 2251 ab
792 2190 922 2253 urbibus
938 2195 1152 2285 gentibusque
1168 2204 1251 2264 cala-

138 2289 268 2352 mitatas
286 2289 493 2354 averterent?
538 2291 594 2354 An
614 2290 676 2354 hoc
695 2288 827 2376 quidem
849 2292 969 2355 sactum
989 2297 1051 2376 est,
1073 2298 1129 2363 sed
1146 2321 1250 2366 avero

137 2389 280 2452 alienum
302 2392 364 2468 ea,
394 2409 487 2468 eum,
516 2390 571 2476 qui
588 2412 646 2475 pro
662 2391 796 2454 bomine
816 2393 944 2458 habitus
958 2398 1019 2476 est,
1039 2412 1183 2466 mortem
1199 2406 1251 2467 su·

136 2488 245 2568 biisse,
272 2499 459 2569 utmagnus
473 2487 611 2551 daemon
626 2487 887 2579 daemonumque
900 2495 1047 2585 princeps
1063 2504 1249 2586 profligare-

136 2602 206 2670 tur,
228 2589 283 2676 qui
296 2610 428 2668 omnes,
450 2589 579 2675 quaein
593 2591 685 2652 terris
699 2593 786 2669 sunt,
801 2593 968 2657 hominurn
982 2600 1107 2666 animas
1119 2603 1247 2669 insuam

136 2691 326 2779 potestatem
345 2688 562 2770 redegerat?”
620 2684 707 2764 Θεὸς
731 2688 769 2757 δὲ
793 2693 854 2778 τῆς
876 2688 1010 2761 πάντων
1029 2690 1124 2787 ἡμῶν
1143 2705 1246 2790 ψυχῆς

86 2873 93 2881 1
135 2782 350 2874 ἄηάλλαγμα
373 2783 479 2855 ἔδωκε
505 2785 545 2854 τὸ
571 2783 683 2868 τίμιον
708 2776 792 2872 αἷμα
809 2793 871 2858 τοῦ
885 2787 1010 2882 Ἰησοῦ,
1041 2801 1134 2867 καθὸ
1152 2803 1244 2887 τιμῆς

134 2884 373 2979 ἠγοράσθημεν
386 2890 441 2971 (Τ.
455 2889 532 2969 XII,
547 2901 587 2957 28
601 2890 764 2954 insilatth.
777 2896 841 2959 vol.
854 2893 916 2974 111,
931 2906 1011 2979 6463
1033 2899 1073 2964 T.
1087 2902 1183 2983 xm,
1197 2917 1241 2971 tt.

48 3072 51 3077 .
133 2996 273 3080 pont).
324 2993 373 3057 Gi.
395 2990 521 3055 inJoh.
544 2989 691 3069 vol.,IV,
714 3003 784 3059 ³98.
843 2994 927 3059 ”Ad
946 2999 1107 3065 Christum
1135 3004 1242 3069 venisti
1285 3017 1286 3025 ,

115 3091 321 3181 *pontificem
339 3114 473 3172 verum,
503 3092 559 3179 qui
573 3092 724 3172 sanguine
736 3095 792 3155 suo
809 3092 916 3159 Deum
930 3098 990 3161 tibi
1003 3103 1182 3188 propitium
1195 3104 1241 3167 sc-

132 3192 193 3272 cit,
226 3204 260 3256 et
284 3193 502 3258 reconciliavit
527 3204 560 3255 te
586 3195 696 3280 patri„
722 3195 826 3274 (bom.
846 3195 908 3277 IX,
934 3213 973 3267 to
992 3200 1027 3262 in
1048 3198 1158 3269 Levit.
1182 3204 1238 3268 vol.

130 3290 176 3370 ΙΙ,
189 3295 278 3372 248).
328 3293 481 3357 ”Dicitur
498 3293 639 3358 Christus
661 3314 778 3374 agnus,
807 3297 881 3381 quia
902 3301 1052 3364 voluntas
1072 3314 1106 3365 et
1123 3305 1238 3367 bonitas

131 3396 220 3474 aJus,
242 3412 305 3479 qua
318 3391 427 3457 Deum
440 3393 660 3478 repropitiavit
673 3395 859 3458 hominibus
872 3409 904 3459 et
916 3411 1121 3483 peccatorum
1134 3405 1238 3471 indul·

130 3495 273 3577 gentiam
291 3492 398 3573 dedit,
427 3496 500 3557 talis
521 3494 639 3558 exstitit
655 3497 797 3556 humano
816 3501 926 3577 generi
947 3501 1035 3587 quasi
1055 3506 1134 3584 agui
1146 3508 1237 3571 hostia

127 3597 334 3663 immaculata
356 3607 390 3659 et
407 3597 577 3674 innocens,
608 3612 670 3681 qua
691 3596 809 3681 placari
828 3599 1015 3665 hominibus
1038 3600 1153 3669 divina
1172 3628 1237 3671 cre-

129 3695 260 3763 d'untur.
277 3742 309 3761 ..
356 3694 467 3762 Donec
488 3697 576 3758 enim
598 3698 670 3759 sunt
689 3709 835 3784 peccata,
862 3703 986 3765 necesse
1006 3703 1053 3765 est
1073 3706 1193 3793 requiri
1211 3714 1238 3768 et

127 3799 245 3865 hostias
262 3818 320 3884 pro
335 3797 481 3884 peccatis.
524 3795 607 3861 Nam
620 3818 705 3882 pona
720 3800 811 3862 verbi
824 3800 923 3881 gratia
937 3823 1003 3865 non
1016 3806 1111 3870 luisse
1129 3828 1237 3895 pecca⁴

126 3912 217 3983 tum;
247 3902 272 3965 si
292 3922 357 3964 non
378 3898 485 3961 suill'et
502 3908 685 3981 peccatum,
712 3919 778 3962 nou
797 3901 919 3965 necesse
937 3902 1044 3967 fueret
1061 3908 1168 3972 lilium
1180 3904 1236 3972 Dei

126 4021 246 4082 agnum
266 4001 357 4080 fieri,
386 4018 445 4061 nec
462 4018 544 4082 opus
561 4000 669 4060 fuerat
688 4018 764 4061 eum
783 3998 818 4061 iu
835 4019 929 4065 carue
942 4006 1082 4088 politum
1096 4008 1234 4092 jugulari,

126 4100 184 4163 sed
201 4098 361 4165 mansisset
378 4099 440 4162 lroc
463 4097 551 4183 quod
566 4099 602 4161 in
623 4100 778 4186 principio
800 4113 869 4164 erat
884 4100 975 4167 Deus
991 4104 1158 4192 Verbum
1178 4129 1235 4171 re·

124 4220 200 4287 qun
209 4203 368 4291 quonism
378 4198 502 4267 introiit
516 4209 682 4291 peocqtum
694 4202 730 4269 in
741 4201 829 4267 buno
839 4200 1014 4289 nundum,
1042 4213 1166 4299 poert
1178 4231 1233 4285 au·¹
