2572 4770
124 240 202 315 410
230 212 239 255 ἱ
410 180 413 189 Ι
497 230 585 322 cap.
608 226 695 300 IV..
730 225 876 297 Ettica.

132 458 135 463 -
211 410 421 499 ,Patriam
442 420 481 476 et
500 412 615 493 leges
635 408 786 475 civiles
805 406 988 489 virtutus,
1008 408 1068 496 qni
1079 413 1243 494 estmagni

125 520 307 603 excelsique
331 513 447 591 animi,
480 513 695 577 lubentissime
717 521 921 573 contemnere
946 509 1061 593 debet,
1097 526 1135 577 ut
1162 517 1198 594 (i.
1216 536 1244 579 e.

127 626 154 691 [ι
173 618 273 684 modo
289 619 351 679 hoc
366 618 568 699 contemptu)
586 613 657 678 Deo
677 613 733 674 fiat
751 611 872 674 amicus
887 624 921 673 et
935 614 1150 700 consequatur
1163 616 1246 679 dex-

127 734 214 786 terea
233 729 340 804 partes
361 714 544 794 sanctuarii,
571 715 649 776 sicut
662 724 695 774 et
708 713 854 773 fecerunt
866 715 998 797 apostoli
1006 715 1026 747 '²
1049 716 1128 797 (Str.
1142 716 1202 799 IV,
1216 727 1244 798 s,

130 826 219 904 570),
269 820 396 884 Verum
424 817 476 896 „fi
505 813 632 902 quando
662 813 759 874 suerit
784 811 820 872 in
847 815 1029 893 magistratu
1056 820 1245 887 constitutus

127 926 209 1007 (Str.
222 920 300 999 VII,
324 929 353 997 8,
375 923 468 997 887),
502 936 568 978 non
589 917 678 977 secur
700 935 736 975 ac
755 910 859 983 Moser
885 915 1020 999 praeibit
1045 916 1244 985 adsalutem

128 1027 171 1091 iia
198 1025 234 1085 in
263 1041 343 1106 quoa
367 1020 491 1081 obtinet
512 1015 700 1102 imperium,
737 1025 769 1076 et
788 1016 1015 1087 mansuefaciet
1034 1018 1071 1080 id
1092 1019 1181 1105 quod
1202 1012 1244 1086 est

127 1127 249 1206 agreste
265 1133 299 1184 et
312 1117 460 1197 infidele,
488 1136 560 1181 cunr
579 1117 703 1176 honore
718 1112 847 1200 quidem
864 1136 975 1178 eorum
993 1119 1050 1203 qui
1068 1121 1145 1182 sunt
1159 1124 1243 1206 opti-

128 1225 177 1291 mi
192 1245 227 1286 ac
240 1219 509 1308 praestantissimi,
536 1217 689 1301 supplicio
704 1228 811 1278 autern
827 1216 1066 1302 improborum,
1085 1235 1241 1306 quatenus

130 1323 326 1390 couveniens
342 1321 456 1383 rationi
471 1322 516 1381 est
528 1316 569 1379 ad
584 1315 818 1401 disciplinarn.”

214 1422 265 1486 De
287 1421 494 1502 dignitate
514 1419 697 1481 muneris
718 1412 892 1479 docendi
912 1416 992 1480 baec
1005 1417 1162 1485 Clemens
1181 1426 1243 1486 ha-

126 1527 183 1591 bet
198 1523 261 1586 Str.
276 1520 352 1600 VII,
368 1535 397 1600 9,
422 1533 499 1587 8622
536 1514 704 1600 „Gnostici
724 1514 1071 1599 dignitatemffrnaxime
1091 1537 1190 1605 auget
1211 1537 1242 1589 et

126 1624 317 1709 amplificat,
354 1621 409 1706 qui
433 1621 570 1681 aliorum
595 1613 812 1680 docendorum
837 1620 973 1705 succepit
994 1625 1239 1707 praefecturam,

126 1736 166 1787 ut
181 1723 236 1808 qui
248 1722 383 1785 maximi
397 1717 481 1808 quod
497 1722 542 1783 est
559 1719 593 1780 in
611 1718 704 1781 terris
722 1718 798 1782 boni
810 1715 1079 1804 dispensationem
1097 1738 1132 1789 et
1144 1730 1240 1791 verbo

126 1837 162 1889 et
175 1826 259 1886 iacto
272 1824 446 1908 acceperit,
467 1843 526 1908 per
538 1840 634 1907 quam
648 1826 801 1906 tanquam
812 1819 970 1885 mediator
982 1823 1154 1889 bominem
1169 1850 1240 1893 cum

126 1924 201 1993 Deo
222 1923 421 2005 conjungit.”

212 2021 508 2092 Beneficentia
534 2020 714 2101 (benefacit
738 2020 828 2085 enim
854 2021 1013 2104 gnosticae
1035 2049 1098 2113 pro
1119 2030 1238 2097 viribus

125 2129 328 2207 bominibus,
360 2125 414 2211 qui
435 2124 614 2205 voluerint,
640 2122 702 2189 Str.
717 2122 792 2203 VII,
809 2133 838 2204 8,
860 2135 939 2202 8³7,
968 2125 1067 2191 etiam
1089 2130 1236 2213 inimicit,

127 2228 192 2294 Str.
206 2228 282 2307 VH,
299 2241 348 2306 12,
365 2231 440 2308 873)
459 2244 519 2288 nec
533 2237 663 2311 propter
678 2236 818 2303 metum,
841 2246 899 2288 nec
915 2238 1043 2311 propter
1055 2232 1146 2318 spem
1162 2256 1238 2319 pro-

126 2331 211 2394 missi
230 2330 361 2391 honoria
380 2331 425 2391 est
443 2323 637 2407 exercenda3
663 2318 750 2411 μόνη
769 2318 802 2389 d’
823 2316 908 2411 ἡδί
931 2317 1067 2414 ἀγάπην
1088 2327 1235 2415 adunata,

125 2422 150 2518 ἦ
167 2426 212 2494 δι’
231 2422 313 2492 αὐτὸ
335 2427 375 2490 τὸ
392 2419 495 2489 καλὸν
511 2418 627 2511 aipe‘cr}
646 2426 694 2509 τῷ
713 2425 882 2512 γνωστικῷ
900 2426 976 2505 (Str.
991 2428 1051 2509 lv,
1074 2446 1127 2513 22,
1150 2441 1233 2517 625).

125 2530 165 2598 In
181 2526 402 2592 benefaciendi
417 2527 526 2589 habitu
542 2527 726 2589 constitutus
741 2522 791 2606 (ἐν
803 2523 871 2603 ἕξει
887 2520 1057 2612 rainutius)
1066 2580 1075 2608 ,
1102 2558 1146 2598 ne
1161 2562 1235 2625 pro-

123 2643 197 2720 pter
224 2627 408 2693 mercedem
432 2625 563 2714 quidem
589 2626 699 2692 aDeo
726 2628 969 2715 exspectandam
990 2636 1153 2712 gnosticua
1175 2643 1235 2723 agit
1276 2696 1281 2709 .

125 2734 185 2816 (ib.
207 2756 238 2818 p.
259 2734 345 2812 eae).
484 2779 488 2785 .
614 2778 619 2785 -
1276 2732 1282 2815 ’,

135 2860 139 2871 ·
207 2831 259 2894 De
282 2829 467 2911 amicitia
489 2830 594 2892 noster
614 2818 693 2893 haec
711 2828 787 2895 dicit
806 2829 992 2912 snlLre,
1012 2841 1093 2902 48³2
1135 2840 1233 2920 „Do-
1276 2900 1283 2931 ,

124 2951 252 3009 cemur,
281 2934 344 2994 esse
362 2932 483 3018 triplex
504 2952 604 3012 genua
624 2932 798 3012 amicitiae,
829 2944 862 2995 et
880 2954 991 2997 eorum
1005 2938 1147 3021 primum
1162 2945 1234 3029 qoi-
1275 2938 1283 2967 ⁴

123 3028 200 3092 dem
220 3034 281 3109 est,
310 3029 407 3117 idque
424 3031 585 3119 optimum
604 3054 640 3096 ac
654 3034 969 3120 praestantissimum,
1001 3034 1035 3098 id
1055 3040 1144 3124 qood
1166 3045 1234 3107 vir·
1281 3040 1283 3067 ¹

122 3139 194 3193 tute
213 3131 415 3213 conciliatur,
440 3132 547 3195 valida
568 3135 656 3197 enim
678 3137 740 3215 est,
768 3155 850 3220 quae
866 3156 884 3198 e
900 3137 1022 3200 ratione
1034 3141 1154 3221 oritur,
1181 3143 1232 3207 di-

121 3231 229 3295 lectio.
278 3230 464 3295 Secundum
485 3254 521 3295 ac
538 3233 682 3297 medinm
705 3256 724 3299 e
744 3241 1020 3318 remuneratione,
1058 3244 1104 3304 est
1127 3259 1232 3308 autem

121 3333 184 3396 boc
205 3354 304 3413 genua
319 3346 430 3418 aptum
448 3332 489 3394 ad
503 3335 685 3398 societatem
700 3357 736 3398 ac
751 3339 1088 3422 communicationem,
1117 3344 1232 3407 luben-

121 3443 173 3496 ter
195 3434 399 3520 impertiena,
432 3446 465 3497 et
488 3434 574 3496 vitae
603 3434 812 3503 conducibile.
870 3437 1058 3504 Communia
1080 3445 1172 3508 enirn
1191 3447 1232 3508 est

122 3556 206 3622 quae
228 3556 247 3599 e
267 3535 366 3616 gratia
386 3535 486 3597 oritur
505 3535 653 3600 amicitia.
695 3537 854 3617 Ultimum
873 3558 909 3601 ac
922 3540 1054 3603 tertium
1071 3564 1134 3609 nos
1154 3544 1232 3609 dici-

122 3655 197 3699 rnna
216 3635 265 3716 id,
294 3631 380 3723 quod
400 3637 447 3697 est
465 3655 507 3698 ex
521 3633 765 3718 consuetudine,
792 3640 843 3701 ilii
861 3660 938 3702 vero
959 3642 1172 3729 (philosophi)
1189 3644 1232 3725 id,

123 3734 212 3823 quod
231 3747 361 3822 propter
379 3737 580 3820 voluptatem
598 3738 732 3800 vertitur
745 3759 781 3800 ac
796 3750 946 3804 mutatur.
996 3740 1048 3806 Ac
1060 3745 1145 3807 milri
1159 3749 1235 3835 qui-

123 3836 200 3900 dem
218 3838 431 3922 pulcherrime
446 3834 667 3921 Hippodamus
681 3838 900 3920 Pytlragbrens
919 3839 1047 3906 ridetur
1060 3844 1235 3914 describere

122 3939 294 4004 amicitiae:
326 3930 368 4001 ‘A
383 3935 445 4017 μὲν
464 3930 706 4019 ἔξ-ἕπιστάμας
719 3937 827 4003 θεῶν·
855 3931 879 4003 ἆ
900 3933 932 4005 d'
950 3938 989 4009 ἐκ
1006 3948 1162 4034 παροχᾶς
1175 3942 1234 4014 rir-

122 4032 294 4127 eponae,
328 4028 409 4102 dale*
432 4029 471 4112 ἐξ
490 4026 611 4113 ἁδονᾶς
628 4032 731 4117 ζώων.
780 4040 833 4103 Est
859 4062 935 4126 ergo
962 4066 1026 4109 una
1052 4049 1234 4140 philosophi
1278 4066 1285 4149 p

87 4180 93 4191 ·
122 4140 280 4221 amicitia,
301 4138 398 4205 altera
414 4138 571 4221 hominia,
595 4140 686 4206 tertia
700 4141 885 4208 animalie.”
