2572 4770
141 282 216 351 272
461 267 551 362 cap.
572 235 649 341 m.
687 258 937 361 'Dogrrmtim

139 453 271 534 nignam
295 447 375 513 risus
396 447 565 512 materiam
589 448 817 537 praeberemus
834 447 1026 530 incredulis,
1059 449 1120 538 qul
1137 468 1199 517 nos
1215 472 1254 518 ex

139 571 255 618 eorum
276 548 431 630 ingeniis,
453 563 542 634 {quos
557 550 634 612 talia
652 548 776 612 finxisse
794 561 928 630 norunt,
954 549 1156 631 judicantes,
1179 553 1253 618 baec

138 652 240 716 etiam
268 668 287 711 a
309 648 402 711 nobis
428 651 561 712 conficta
586 647 897 714 elle·existimarent
953 648 1057 714 Testis
1076 662 1193 717 tamen
1212 655 1251 717 est

138 753 258 828 neus,·
285 749 337 812 cui
357 765 471 810 arcana
496 747 704 811 conscientiae
726 751 849 815 nostrae
868 761 999 836 petent,
1030 772 1092 815 nos
1110 750 1250 819 divinam

138 853 213 918 Jelu
228 849 405 913 doctrinam
420 870 483 912 non
497 850 584 913 falsis
597 849 856 930 narratiunculis,
884 848 938 914 led
954 852 1051 916 variis
1063 852 1171 940 iisque
1182 854 1249 917 evi-

35 983 38 990 ·
138 954 290 1018 dentibus
308 949 504 1029 argumentis
523 950 711 1013 confirmare
727 950 858 1031 velle-”3
887 963 922 1014 et
940 949 1042 1032 ib.11,
1066 964 1097 1018 a.
1119 975 1155 1041 p.
1175 967 1246 1024 τετε

138 1055 242 1138 ,,Νοιι
266 1050 404 1136 amplius
422 1049 555 1115 ludaeis
573 1053 646 1113 sunt
663 1051 858 1137 prophetae,
891 1071 957 1113 non
977 1052 1150 1133 miracula,
1180 1075 1246 1118 cura

139 1166 250 1219 contra
276 1148 362 1238 apud
382 1148 575 1215 Christianos
600 1149 780 1214 etiamnum
801 1151 1027 1215 miraculorum
1051 1151 1246 1240 aliquantum

137 1253 293 1341 supersint
307 1250 455 1331 vestigia,
479 1251 580 1313 immo
594 1254 732 1332 majora,
753 1244 859 1337 'quem
874 1249 961 1339 apud
974 1253 1047 1316 illos
1060 1255 1172 1336 mem,
1195 1255 1247 1319 io·

137 1352 268 1425 tardum
281 1351 379 1430 fiant3
406 1360 440 1412 et
452 1340 484 1414 si'
494 1352 555 1413 bac
570 1351 606 1413 in
623 1371 658 1414 re
673 1339 752 1437 quid
765 1350 917 1438 ponderis
930 1354 1029 1416 habet
1039 1358 1186 1421 nostrum
1198 1370 1245 1421 ta·

40 1466 45 1482 '
138 1455 342 1530 stimonium,
372 1470 430 1513 uos
449 1451 509 1536 ipsi
525 1451 705 1514 vidimus.’'
753 1452 881 1538 Σημεῖα
899 1450 937 1517 δι’
952 1452 1013 1517 τοῦ
1032 1444 1244 1538 ἆγίοαπτιί-

137 1573 244 1638 ματος
261 1542 336 1614 κατ’
354 1542 458 1636 ἀρχὰς
475 1548 538 1631 μὲν
555 1548 618 1615 τοῦ
633 1540 743 1639 ’lacot
761 1546 997 1629 διδασκαλίας,
1026 1548 1114 1635 μετὰ
1133 1554 1173 1645 di
1189 1550 1244 1643 vir

135 1649 307 1740 ἀνάληψιν
330 1644 434 1716 αὐτοῦ
458 1645 599 1716 πλείονα
623 1645 809 1729 ἐδείκνυτο,
841 1646 981 1738 ὕστερον
1008 1651 1047 1718 δὲ
1069 1645 1242 1721 ἐλάττονα·

136 1752 226 1840 πλὴν
248 1753 306 1819 καὶ
322 1752 380 1818 νῦν
401 1744 454 1816 ἔτι
472 1743 544 1836 ίχνη
560 1746 650 1816 ἐστὶν
671 1743 774 1815 αὐτοῦ
791 1745 876 1840 παρ’
897 1747 1041 1838 ὀλίγοις,
1061 1748 1126 1831 τὰς
1139 1750 1243 1842 spuria

135 1856 185 1942 τῷ
205 1845 293 1940 λόγῳ
308 1852 451 1928 καὶτοῖς
464 1843 540 1917 κατ’
557 1846 658 1916 αὑτὸν
676 1843 822 1936 πράξεσι
837 1849 1113 1939 κεναθαρμίνοις.
1155 1850 1241 1942 ἅγιον

135 1951 201 2044 γὰρ
220 1952 352 2036 πνεῦμα
370 1942 530 2030 παιδείας
550 1952 641 2038 (Sap.
655 1951 682 2032 Ι,
706 1957 740 2033 5)
762 1944 921 2039 φεύξεται
938 1948 1056 2033 δόλον,
1077 1955 1138 2024 καί
1154 1949 1240 2022 ἅπα-

134 2049 337 2143 ναστὴστται
353 2044 423 2117 ἀπὸ
438 2051 605 2139 λογισμῶν
617 2047 782 2119 ἀσυνέτων
798 2057 839 2135 (c.
856 2053 934 2118 Cels.
950 2053 1025 2137 VII,
1041 2068 1071 2122 8.
1089 2079 1124 2144 p.
1139 2062 1235 2138 700).

219 2158 308 2220 Haec
330 2155 438 2218 omnia
459 2157 531 2218 sunt
550 2155 683 2219 effectus
705 2154 849 2241 spriritus
865 2154 972 2219 sancti.
1024 2154 1123 2243 ”Qui
1140 2170 1240 2221 sutem

136 2256 252 2340 dignus
269 2259 335 2336 jam
358 2256 484 2318 habitus
503 2257 549 2317 elt
565 2254 663 2316 sancti
684 2255 810 2341 spiritus
831 2256 1088 2344 participatione,
1115 2270 1238 2323 errem

134 2360 233 2424 fuerit
247 2359 432 2435 conversus,
459 2357 512 2419 lric
528 2376 563 2419 re
582 2354 647 2437 ipsa
665 2366 699 2417 et
717 2376 815 2441 opero
831 2359 1062 2444 blasphemasse
1078 2356 1195 2424 dicitur
1206 2361 1240 2423 in

133 2460 279 2545 spiritum
294 2460 433 2518 sanctum
444 2503 463 2535 „
482 2454 539 2534 (de
553 2455 650 2538 princ.
662 2451 689 2534 I,
704 2463 734 2533 3,
752 2468 780 2521 7.
803 2478 836 2542 p.
852 2461 919 2538 63).

216 2560 342 2623 Verum
357 2556 455 2618 etiam
467 2576 533 2617 uon
547 2552 680 2633 directe,
708 2576 765 2639 per
775 2559 968 2621 sacramenta
982 2570 1015 2623 et
1029 2561 1180 2628 ecclesias
1187 2563 1240 2627 in-

130 2662 275 2727 stitutum
287 2657 385 2740 gratia
401 2655 511 2718 divina
525 2655 709 2723 Christianis
723 2659 788 2720 sese
804 2662 935 2744 praebet
948 2661 1123 2728 efficacem.

213 2760 448 2847 Baptismus
469 2758 514 2819 elt
530 2748 699 2837 σύμβολον
715 2758 777 2823 τοῦ
794 2748 1083 2845 ἆποκεναθάρθαι
1104 2766 1147 2843 (c.
1162 2763 1236 2829 cett.

116 2863 190 2940 411,
215 2874 265 2929 51,
295 2884 326 2947 p.
345 2862 441 2938 481),
477 2856 607 2920 initium
631 2869 663 2921 et
685 2860 759 2923 suns
781 2859 940 2924 donorum
959 2863 1078 2942 gratiae
1100 2861 1237 2944 divinae,

126 2963 250 3048 spiritui
272 2965 377 3024 sancto
397 2958 485 3020 viam
503 2959 652 3022 muniens
672 2960 812 3038 (Corum.
835 2963 871 3024 in
890 2962 962 3027 Joh.
985 2964 1051 3027 vol
1070 2962 1132 3044 lv,
1153 2969 1237 3046 13³>

110 3048 238 3124 ‘’‘L‘ora
259 3064 378 3140 sunt‚,‚
407 3060 452 3122 ait
473 3061 562 3123 hom.
577 3057 639 3136 XI,
654 3073 673 3126 7
690 3061 724 3122 in
739 3061 842 3127 Exod.
861 3066 926 3128 vol.
940 3062 983 3143 H,
1008 3076 1086 3143 172,
1116 3066 1239 3130 ’'semel

126 3164 315 3226 vestimenta
335 3175 406 3241 tua,
434 3183 506 3223 cum
525 3161 641 3224 venisti
659 3159 699 3223 ad
720 3164 853 3243 gratiam
866 3163 1034 3251 baptismi,
1054 3167 1237 3250 purificatus

126 3283 163 3327 es
182 3283 330 3349 corpore,
357 3261 531 3325 mundatus
545 3282 581 3325 es
595 3263 634 3324 ab
649 3267 738 3327 omni
751 3265 992 3352 inquinamento
1006 3266 1110 3329 carnis
1124 3280 1158 3331 et
1170 3270 1237 3357 lpi-

123 3364 252 3443 ritus‚„
279 3363 360 3426 etin
375 3364 436 3428 Jos.
458 3365 548 3427 hom.
567 3361 643 3443 XV,
669 3375 697 3428 ⁶.
721 3369 785 3430 vol.
798 3365 842 3444 11,
864 3374 943 3432 434:
980 3365 1116 3431 ''Omno
1136 3390 1237 3451 genus

123 3465 262 3552 peccati,
287 3485 359 3526 cum
380 3461 419 3524 ad
439 3464 573 3525 salutare
590 3465 751 3529 lavacrum
767 3467 931 3546 venimus,
955 3469 1140 3549 ausonam„
1185 3471 1234 3537 Cf.

121 3565 211 3629 hom.
228 3563 322 3641 ΧΙΠ,
336 3573 355 3628 4
368 3564 401 3624 in
415 3562 528 3629 Genes.
551 3567 615 3629 vol.
627 3565 671 3647 H,
689 3582 729 3634 97
745 3581 778 3631 et
793 3566 916 3631 comm.
932 3569 968 3630 in
980 3567 1095 3634 Matth.
1112 3571 1149 3637 T.
1157 3572 1235 3654 XV,

122 3678 174 3735 23.
197 3667 263 3730 vol.
277 3665 338 3744 111,
352 3675 429 3745 685,
459 3666 517 3727 ubi
534 3667 693 3751 baptismo
711 3670 883 3755 opponitur
903 3664 943 3732 τὸ
963 3671 1047 3757 περὶ
1064 3671 1126 3758 τῆς
1140 3670 1236 3758 γενέ·

120 3786 207 3843 σεως
232 3755 425 3852 μυστήριον.
484 3766 597 3852 Neque
621 3770 820 3835 utilissimum
839 3782 980 3852 tantum,
1016 3772 1069 3836 led
1090 3780 1234 3841 nocella·

120 3871 206 3933 rium
227 3871 273 3932 est
291 3867 464 3954 baptisma,
493 3886 568 3928 narn
587 3861 647 3932 οὐκ
665 3861 757 3933 ἔστιν
769 3856 892 3957 ἷίφεσιν
903 3859 1152 3959 ἁμαρτημάτων
1163 3898 1233 3958 χω-

120 3970 174 4054 ρὶς
200 3965 434 4056 βαπτίσματος
457 3965 635 4047 λαβεῖν-
658 3974 732 4034 exlr.
760 3972 801 4036 ad
824 3985 917 4037 mart.
944 3983 996 4039 80.
1023 3977 1088 4038 vol.
1109 3977 1137 4057 1,
1158 3990 1229 4047 299.

120 4069 279 4147 (Tamen,
307 4082 344 4133 ut
361 4074 453 4156 supra
470 4068 630 4150 vidimus,
664 4073 814 4158 baptismi
831 4074 991 4154 sanguinis
1008 4075 1109 4139 etiam
1128 4084 1232 4161 major

62 4170 74 4219 t
116 4167 166 4233 stt
184 4168 355 4253 ellectum..
399 4172 523 4239 Verum
545 4192 643 4237 nemo
666 4175 727 4239 uili
746 4175 805 4239 ille
831 4175 894 4241 ”iu
913 4176 1132 4246 remissionem
1149 4202 1232 4270 psu-

69 4298 138 4479 l·
