2572 4770
364 289 520 363 comm
543 254 878 399 (antropologia).
1104 297 1177 375 aas

54 474 168 557 fovit,
187 471 225 538 id
236 471 516 560 faltemiooperto
530 475 594 555 est,
614 474 742 556 negasse
752 471 875 560 ipsum,
901 469 1180 558 imaginemiltsm

58 600 153 642 nunc
171 579 270 664 plane
291 578 356 642 elle
373 588 564 662 corruptam.
611 575 726 663 Neque
747 574 782 638 id
798 577 918 639 mirum
931 579 991 658 elt,
1012 601 1086 643 cnm
1100 603 1182 649 nar-

61 679 183 743 rationi
197 676 239 741 de
253 676 383 742 Adsmo
398 680 469 741 luas
482 676 631 741 Clemens
647 676 817 762 opiniones
829 676 983 740 intulerit.
1026 679 1087 743 Ait
1102 683 1180 768 qui·-

68 776 146 842 dem
156 779 269 841 literae
286 781 452 865 scripturae
464 776 487 840 l.
503 776 730 841 convenienter
742 775 838 841 Peed.
851 776 878 854 1,
894 788 924 855 8,
940 790 1019 845 1018
1052 772 1105 847 To*
1115 781 1180 866 pede
1240 810 1243 814 ·

68 866 157 943 itta
175 870 321 944 κελεύων
335 870 438 961 μόνον
454 871 658 964 πεποίηκεν,
683 873 742 940 τὸν
761 875 800 942 dd
817 864 1000 965 ἷίνθρωπον
1012 873 1058 944 δι’
1072 872 1180 949 αὑτοῦ

67 970 322 1066 ἕχειρούργησεν
337 973 395 1042 καί
415 998 451 1042 τι
469 970 560 1064 αὐτῷ
579 971 667 1043 ἴδιον
687 969 905 1063 ἐνεφύσησεν·
933 989 1042 1044 tamen
1059 981 1122 1051 Str.
1135 985 1180 1069 V,

67 1092 121 1160 11,
135 1092 209 1148 689.
225 1093 267 1157 90
280 1079 460 1166 paradisum
473 1080 642 1161 allegorice
654 1079 805 1160 intelligit
818 1077 861 1143 de
874 1079 997 1144 mundo
1012 1085 1182 1149 arborem·-

63 1202 132 1269 que
145 1181 234 1244 vitae
246 1179 287 1244 de
300 1182 523 1264 intelligentia.
550 1181 684 1245 Photius
695 1181 822 1266 insuper
833 1182 913 1245 haec
923 1184 1022 1247 refert
1032 1185 1180 1253 biblioth.

66 1280 139 1347 cod.
154 1281 241 1347 CIX.
261 1305 295 1370 p.
309 1294 392 1351 285:
418 1280 490 1346 Καὶ
502 1275 539 1346 ἐκ
550 1273 725 1362 coeletia
740 1275 802 1368 τὴν
815 1270 924 1364 Εὔαν,
955 1275 1014 1364 οὐχ
1028 1274 1073 1360 ὡς
1087 1277 1106 1350 ὅ
1121 1280 1182 1351 88-

66 1377 307 1469 κλησιαστικός
327 1374 427 1468 λόγος
444 1376 620 1464 βούλεται,
654 1372 731 1447 ἀλλ’
756 1377 903 1471 αἰσχρῶς
926 1403 963 1447 rs
987 1384 1045 1448 καὶ
1068 1377 1182 1465 ἀθέως

67 1479 309 1571 ἀποφαίνεται.
366 1485 418 1549 De
443 1486 582 1564 integra,
613 1503 676 1570 qua
699 1481 847 1548 Adamua
870 1486 950 1565 fuit,
967 1515 972 1527 1
987 1484 1182 1569 conditione,
1227 1508 1231 1525 ·

66 1586 149 1649 baec
164 1584 316 1649 Clemens
329 1583 422 1649 docet
434 1585 497 1650 Str.
510 1584 571 1664 vI,
589 1598 637 1664 12,
653 1597 730 1652 788:
752 1582 855 1665 „Qua
866 1586 989 1677 petione
1000 1587 1131 1651 solvitur
1141 1609 1184 1653 ea

68 1682 246 1767 dubitatio,
280 1708 361 1772 quae
383 1688 423 1750 ab
440 1685 609 1749 haereticis
630 1683 779 1749 adversus
802 1708 861 1750 nos
878 1698 1044 1750 movetur:
1071 1702 1185 1757 utrum

67 1789 233 1875 perfectos
251 1787 411 1851 formatus
429 1789 467 1850 fit
489 1784 656 1866 Adamus,
689 1807 731 1849 an
751 1786 982 1874 imperfectus?
1013 1790 1186 1879 [iimper-

67 1891 194 1969 seems,
218 1888 380 1975 quomodo
400 1887 536 1974 perfecti
549 1885 613 1950 Dei
626 1887 852 1971 imperfectum
867 1890 913 1950 est
928 1908 1010 1973 opus
1023 1901 1056 1952 et
1072 1893 1185 1956 maxi-
1256 1916 1261 1923 ·

68 2010 125 2054 me
138 1986 264 2053 bomo?
285 1989 332 2051 lin
345 1999 456 2051 autem
470 1988 648 2073 perfectos,
667 1983 828 2071 quomodo
842 1987 1073 2066 transgreditur
1083 2013 1185 2077 pras-

73 2088 190 2178 cepta?
230 2087 378 2153 Audient
396 2090 485 2151 enim
499 2109 518 2149 a
533 2087 642 2165 nobis,
669 2089 855 2169 perfectum·
868 2086 999 2173 quidem
1019 2110 1096 2153 eum
1116 2114 1185 2158 non

69 2194 168 2258 tuille
182 2201 342 2268 creatum,
362 2186 419 2252 led
430 2202 541 2276 aptum
554 2185 596 2251 ad
608 2185 841 2272 suscipiendam
851 2187 1024 2269 virtutem3
1042 2193 1185 2261 multum

70 2307 182 2358 autem
196 2290 238 2354 ad
251 2292 404 2353 virtutem
416 2293 528 2370 refert,
555 2291 678 2352 factum
694 2289 757 2350 else
777 2300 889 2375 aptum
911 2285 953 2350 ad
977 2310 1054 2354 eam·
1069 2297 1186 2383 acqui-

69 2393 249 2474 rendam,”
276 2403 308 2454 et
326 2390 387 2454 Str.
401 2390 461 2471 lv,
476 2400 623 2470 188888
645 2387 782 2480 „llomo
794 2389 955 2475 quispiam
967 2393 1186 2462 characterom

70 2495 203 2580 inscipit
220 2514 263 2555 ex
284 2494 390 2554 forma
411 2492 538 2554 animae
558 2490 650 2553 inlita
670 2490 786 2569 exiis,
812 2511 895 2577 quae
915 2494 1056 2574 elegerit.
1111 2497 1186 2581 Qun

70 2597 197 2661 rationo
209 2592 376 2659 Adamnm
389 2614 517 2680 quoquo
531 2590 666 2655 dicimus
676 2592 770 2654 fuisse
782 2594 980 2677 perfectum,
1007 2595 1094 2681 quod
1106 2602 1187 2663 atti..

56 2710 130 2764 ·net
140 2695 181 2760 ad
199 2695 443 2774 formationem
470 2693 552 2755 nihil
564 2693 652 2755 enim
667 2692 698 2754 ei
712 2690 816 2754 defuit
828 2714 871 2756 ex
881 2695 937 2772 iis,
965 2717 1046 2782 quae
1060 2699 1187 2765 homini
1253 2706 1257 2713 '

70 2803 198 2865 formae
211 2808 244 2860 et
254 2796 370 2883 speciei
384 2796 597 2858 characterem
611 2795 764 2857 tribuunt.
799 2793 860 2857 llle
872 2806 981 2859 autem
994 2796 1071 2861 dum
1083 2800 1188 2884 fieret,

73 2901 196 2987 accepit
208 2898 456 2984 perfectionem,
485 2906 518 2959 et
533 2895 717 2973 justificatus
733 2897 778 2969 est
791 2917 850 2982 per
864 2896 1097 2982 obedientiam3
1124 2904 1188 2970 boo

73 3013 160 3080 erat,
183 2997 270 3085 quod
280 2999 316 3060 in
329 2997 436 3060 virum
451 2998 623 3073 crescebat,
652 3015 768 3081 nempe
782 2997 834 3076 id,
856 2997 944 3084 quod
957 3001 990 3062 in
1007 3005 1077 3081 ejus
1090 3016 1190 3090 pote-

74 3106 154 3169 state
175 3112 243 3164 erat
254 3101 348 3161 litum
360 3098 414 3160 len
428 3098 566 3160 liberum
578 3097 744 3159 arbitrium
765 3096 878 3176 (τοῦτο
897 3090 937 3187 ἢν
950 3093 1191 3189 ἅπανδρούμε-

73 3224 149 3278 vor,
182 3197 222 3264 τὸ
244 3190 302 3263 ἐπ’
324 3191 415 3282 αὐτῷ
440 3192 616 3278 κείμενον).
671 3193 769 3276 Quod
797 3212 906 3263 autem
934 3203 1066 3283 elegerit
1093 3219 1192 3294 atquo

73 3300 413 3389 adeoquod„vetitum
433 3300 580 3379 elegerit,
611 3319 677 3360 non
695 3301 741 3361 elt
761 3301 852 3385 culpa
877 3303 911 3364 in
925 3301 1052 3384 Deum,
1082 3305 1137 3370 led
1154 3308 1191 3368 in

75 3408 252 3487 eligentem
270 3397 503 3464 conferenda.”
550 3398 600 3462 lta
620 3398 677 3461 vix
696 3399 759 3463 elia
777 3401 943 3469 Adamom
960 3392 1065 3493 primo
1077 3406 1192 3471 vixiilo

76 3505 261 3586 conditione
275 3504 381 3566 noster
392 3504 513 3579 censet,
535 3521 631 3586 quam
644 3501 842 3585 posterorum
856 3506 1006 3570 infantes.
1049 3570 1053 3585 ,

159 3605 212 3669 De
234 3601 357 3667 Adami
375 3603 464 3688 lapsu
483 3600 667 3664 haecdicit:
697 3599 817 3682 „Quid
828 3603 957 3668 Adomo
974 3606 1095 3691 profuit
1109 3602 1192 3683 (Str.·

75 3708 121 3789 11,
138 3721 188 3787 19,
205 3711 283 3787 481)
305 3707 379 3769 talis
399 3708 469 3784 ejus
486 3703 655 3782 nobilitas,
680 3713 713 3765 et
731 3701 818 3788 quod
833 3706 1023 3785 ejusnullua
1036 3706 1192 3790 61188118·-

75 3824 128 3874 ter
144 3808 308 3885 mortalis,
330 3808 397 3891 ipse
416 3816 525 3866 autem
545 3815 636 3889 pater
657 3804 843 3885 hominum,
878 3806 933 3892 qui
957 3808 1030 3867 sunt
1052 3823 1192 3884 genera-

76 3915 167 3977 tione
180 3905 371 3997 propagati?
413 3905 535 3990 Turpia
553 3901 685 3991 quidem
697 3903 754 3964 ille
767 3918 915 3992 prompto
930 3916 963 3966 et
974 3905 1070 3967 alacri
1080 3904 1191 3970 animo

77 4012 208 4093 delegit,
221 4028 358 4073 uxorem
369 4007 523 4091 sequens3
539 4027 616 4069 vera
629 4017 738 4068 autem
751 4018 784 4069 et
794 4008 926 4068 honeste
935 4004 1087 4085 neglexit.
1114 4003 1191 4086 Quo

76 4116 201 4183 factum
220 4115 281 4192 elt,
314 4121 351 4170 ut
371 4109 472 4171 vitam
491 4107 708 4171 immortalem
722 4100 851 4170 mortali
862 4117 1088 4186 commutaret,
1114 4108 1192 4198 licet

77 4236 148 4282 non
176 4213 220 4295 io>
235 4211 466 4299 perpetuum.’{
518 4207 709 4292 „Malignus
733 4208 791 4273 ille
815 4207 944 4294 lorpem
964 4205 1060 4288 (Gob.
1077 4212 1192 4292 1,1)..
