2572 4770
364 303 536 399 origene·
558 298 862 403 (Esctatologto).
1092 312 1169 384 m
1264 366 1267 371 .

55 487 131 553 Iesu
155 507 191 551 ac
208 484 306 551 Molle
328 497 362 551 et
383 485 476 549 Elian
498 485 628 572 speclea·
641 486 678 550 in
699 482 981 551 transformatione
1004 504 1071 549 non
1095 484 1170 571 alia,

56 608 155 675 quam
179 607 263 674 quae
283 587 376 650 initio
397 599 481 667 arat,
508 587 637 650 exstitit.
662 632 668 657 .
693 588 765 654 Nou
786 599 820 650 te
843 589 940 668 igitur
958 584 1117 666 offendat,
1143 584 1172 653 u

56 691 131 776 quis
151 688 289 776 primam
308 689 482 767 subjectam
499 688 669 750 materiam
690 709 757 751 non
775 687 912 752 eandem
933 700 1009 751 tunc
1029 689 1172 753 suturam

57 790 193 871 dixerit3
221 808 294 854 cum
309 809 352 850 ne
365 787 463 851 biduo
476 786 608 875 quidem
618 784 715 850 modo
731 788 867 853 eandem
879 790 969 853 illam
981 808 1172 876 permanere

56 896 146 981 posse
170 893 252 954 ratio
276 892 341 978 ipsa
369 888 527 969 declaret,
563 889 589 951 fi
615 888 687 975 quia
714 903 859 953 mentem
878 874 964 952 'relit
992 887 1171 958 advertere.

57 993 346 1058 Animadversione
360 1002 524 1078 praeterea
537 987 670 1071 dignum
682 1002 715 1053 et
727 989 808 1054 illud
823 994 883 1072 est,
905 990 1064 1055 diversum
1080 981 1174 1072 (lve-

58 1095 169 1182 poior)
199 1094 347 1157 seminari
371 1112 487 1179 corpur
511 1088 735 1178 diversumque
759 1094 921 1175 resurgere
951 1104 966 1160 1
994 1091 1067 1158 cor.
1090 1091 1172 1176 XV,

58 1195 141 1260 442⁹
189 1194 287 1258 Porro
305 1192 420 1257 eadem
439 1192 481 1257 de
495 1212 531 1254 re
548 1214 575 1257 c.
593 1191 744 1275 ceu1v,
760 1206 809 1262 et.
830 1217 864 1282 p.
882 1202 962 1263 tlt:
993 1193 1061 1275 „ln
1076 1214 1174 1258 mor-

58 1294 236 1375 tuorum”‚
271 1296 332 1374 ait,
370 1294 642 1376 ‚‚resurrectione,
679 1315 777 1381 quam
802 1297 945 1358 futuram
970 1296 1172 1376 confitemur,

60 1393 198 1460 dicimus
217 1398 304 1470 fore,
332 1408 370 1458 ut
389 1414 559 1481 corporum
574 1396 743 1481 qualitates
762 1386 970 1481 (ποιότητες)
989 1397 1174 1461 immutan-

58 1508 131 1577 tur,
159 1494 420 1584 quandoquidem
435 1498 589 1573 seminata
603 1499 637 1560 in
654 1498 856 1583 corruptione
872 1498 1000 1576 surgent
1012 1498 1047 1561 in
1061 1498 1174 1562 incor-

59 1599 226 1685 ruptione,
258 1609 291 1663 et
311 1598 464 1660 seminata
485 1597 518 1658 in
538 1598 735 1678 ignobilitate
752 1600 879 1676 surgent
890 1597 923 1658 in
936 1598 1052 1680 gloria,
1072 1610 1106 1662 et
1118 1601 1175 1663 se-
1221 1640 1231 1657 ..
1252 1591 1256 1609 ¹

60 1702 184 1763 minata
203 1702 237 1762 iu
254 1700 440 1761 infirmitate
457 1699 584 1778 surgent
597 1700 631 1760 in
645 1699 779 1776 virtute,
807 1708 839 1758 et
853 1698 1005 1762 seminata
1022 1698 1176 1764 animalia

60 1801 189 1880 surgent
207 1800 368 1885 spiritalia.
417 1794 585 1860 Materiam
602 1812 726 1878 autem,
748 1820 952 1887 quaecuuque
964 1804 1037 1864 rust
1051 1803 1175 1888 opifex,

61 1903 231 1988 qualitates
245 1902 405 1986 accipere,
427 1899 536 1979 nobie,
554 1900 609 1986 qui
621 1899 857 1986 providentiam
866 1898 1080 1983 admittimus,
1095 1904 1177 1967 uul-

59 2004 132 2064 lum
153 1998 288 2062 dubium
308 2003 370 2079 est,
398 2000 443 2061 ite
465 2008 501 2060 ut
521 2002 651 2063 volente
664 2000 735 2063 Deo
754 1998 851 2062 modo
865 2002 1014 2081 alteram,
1040 2003 1177 2068 alteram

59 2106 170 2191 postea
183 2121 318 2187 eamque
332 2098 593 2186 praestantiorem
605 2100 737 2164 materia
754 2100 896 2164 babeat'’
918 2102 973 2179 (cf.
988 2101 1032 2165 ib.
1047 2100 1106 2180 VI,
1121 2114 1175 2169 29.

57 2227 96 2291 p.
114 2206 209 2282 658),
233 2214 266 2264 et
280 2200 320 2265 T.
334 2198 444 2280 XVII,
462 2209 503 2266 so
519 2202 552 2263 in
567 2199 681 2266 Matth.
696 2200 755 2281 Ill,
773 2208 853 2269 814:
888 2200 1007 2281 „Talia
1024 2196 1176 2284 eradent,

60 2303 170 2391 qualia
190 2305 264 2365 sunt
279 2322 412 2388 corpora
428 2301 632 2381 angelorum,
654 2303 797 2367 aetheria
813 2303 933 2366 scilicet
945 2315 979 2366 at
989 2301 1176 2390 splendidae

61 2405 128 2468 luci
150 2403 363 2468 coufimilia.”
418 2405 532 2492 Neque
558 2422 632 2466 oum
656 2403 709 2467 bie
736 2401 830 2468 dictis
854 2415 992 2490 pugnat,
1026 2402 1114 2491 quod
1138 2405 1176 2471 itt

61 2509 176 2586 fragm.
204 2506 275 2570 libr.
309 2505 350 2570 de
370 2507 482 2570 resurr.
506 2505 641 2586 legitur:
695 2505 769 2569 ”Ee
798 2504 925 2585 ratio‚‚‚
959 2502 1036 2569 dicit
1061 2509 1175 2588 fragm.

62 2608 120 2671 lib.
134 2606 177 2670 Il.
197 2609 263 2671 rol.
280 2606 308 2686 Ι,
324 2614 362 2672 bs
372 2622 385 2687 ,'
409 2607 520 2693 ”quae
534 2606 676 2670 continet
686 2608 933 2694 uniuscujusque
946 2609 1086 2673 hominia
1102 2630 1179 2673 cor-

62 2709 210 2796 poralem
234 2720 267 2772 et
286 2705 487 2771 individuam
508 2708 729 2785 substantiam,
762 2710 847 2772 salva
867 2720 1053 2794 permanet,
1084 2722 1118 2773 et
1137 2710 1176 2773 in

62 2809 293 2873 resurrectione
312 2829 332 2871 a
350 2810 486 2873 mortula
503 2807 692 2871 suscitentur
711 2808 753 2889 ii,
780 2810 896 2896 quibua
913 2810 968 2873 illa
987 2809 1178 2873 substantiae

65 2911 239 2995 corporalis
256 2910 337 2973 ratio
357 2912 443 2975 salva
462 2912 497 2972 in
516 2908 700 2993 corporrbua
716 2914 962 2995 permanebat„
1001 2909 1128 2974 Ibidem
1141 2921 1177 2989 et
1217 2908 1220 2915 ’

64 3010 89 3074 l.
105 3011 136 3073 l.¹
149 3032 181 3096 p.
199 3021 237 3077 36
259 3013 443 3075 resurrectio
456 3021 657 3074 mortuorum
668 3023 867 3095 comparatur
879 3014 1067 3088 seminibus,
1093 3032 1184 3099 quae.

64 3113 262 3177 seminantur
275 3115 308 3177 in
322 3125 415 3177 terra.
465 3111 531 3177 ”In
543 3111 771 3174 resurrectione
786 3133 953 3198 corporum
973 3116 1010 3195 (l.
1027 3114 1048 3178 l.
1070 3136 1103 3202 p.
1119 3118 1177 3198 36)

65 3211 208 3277 soliditas
222 3213 381 3292 carnium,
401 3212 562 3293 sanguinis
574 3213 699 3296 liquor,
716 3212 880 3276 crassitudo
891 3235 1063 3280 nervorum
1072 3238 1180 3280 rena-

64 3333 204 3399 rumque
220 3314 387 3399 perplexio
402 3327 435 3377 et
450 3314 561 3376 ossium
584 3311 716 3376 durities
735 3313 949 3394 denegarun„
996 3317 1097 3398 Igitur
1115 3318 1179 3380 ”in

63 3416 294 3480 resurrectione
307 3413 406 3477 iidem
418 3412 518 3476 suturi
530 3417 601 3476 snut
610 3415 776 3495 homines,
797 3418 872 3479 licet
885 3438 949 3479 uon
958 3415 1074 3479 eodem
1084 3419 1179 3496 statu,

65 3538 174 3605 neque
190 3516 306 3580 iisdem
319 3517 511 3603 passionibus
526 3515 657 3577 obnoxii
671 3515 707 3594 (l.
720 3516 742 3580 l.
764 3539 795 3603 p.
812 3521 887 3598 34);
909 3540 974 3581 non
987 3518 1105 3580 iterum
1116 3516 1179 3578 su·-

65 3620 133 3682 turi
150 3620 223 3680 sunt
242 3618 391 3680 homines
411 3636 453 3679 ex
471 3616 555 3680 coitu
571 3619 632 3681 viri
649 3629 683 3681 et
698 3618 870 3698 mulieris„
887 3620 979 3699 (ib.);
1007 3619 1104 3703 „post
1119 3637 1180 3679 re-

64 3721 295 3784 surrectionem
307 3716 436 3804 aequari
450 3738 509 3779 noa
523 3720 644 3800 angelie
657 3730 781 3804 oportet
791 3731 824 3782 et
836 3718 876 3782 ad
892 3718 1031 3795 eundem
1043 3715 1179 3783 modum

66 3841 163 3887 carne
183 3820 299 3884 nudari
307 3821 326 3854 '²
346 3823 473 3900 (fragm.
487 3816 528 3883 de
542 3823 653 3883 resurr.
669 3840 687 3882 a
702 3818 868 3890 Methodio
886 3819 937 3884 ed.
950 3820 1054 3883 Ruaei
1069 3821 1135 3885 vol.
1149 3819 1178 3901 1,

67 3927 127 4006 35)
143 3921 191 4003 *b
232 3922 397 3987 Minime
415 3940 511 3984 vero
529 3919 691 4005 piorum
712 3932 754 3984 et
770 3921 988 4007 impiorum
1009 3940 1180 4007 corpora

103 4161 132 4234 ⁸)
158 4160 194 4212 ln
214 4157 333 4228 libello,
359 4171 445 4229 quem
459 4154 629 4210 Theodorou
650 4155 802 4226 episcopua
820 4151 1075 4224 scythopolitanut
1092 4154 1178 4210 tutti.

135 4249 228 4327 ‘niano
244 4243 415 4319 imperatori
432 4253 462 4298 et
482 4251 606 4316 quatum
622 4241 796 4316 patriarchia
817 4228 939 4313 obtdlit,
963 4239 1041 4295 inter
1054 4238 1179 4297 matbe-
