2572 4770
26 206 103 277 oro
264 172 267 177 ’
351 187 439 281 cap.
464 186 537 259 ιιι.
586 183 820 278 flegmatica.

28 373 143 445 mortio
157 390 287 460 capuceo
301 368 465 447 nonsart,
487 367 549 431 hoc
565 366 612 430 est
625 363 945 451 dissoluinequeunt,
965 362 1101 450 utpote'
1089 386 1145 427 ιιι-
1176 448 1179 453 .
1201 412 1205 421 .

30 472 212 559 compositi,
231 483 319 535 etex
332 469 471 556 ipsorum
486 467 641 532 essentie
630 485 793 531 immunes
806 485 824 526 u
835 474 962 544 morte,
986 485 1030 527 ne
1041 488 1147 527 corru-

30 574 135 663 ptioni
149 571 280 659 quidem
292 570 411 632 mentre
421 569 670 648 succumbunt
659 590 681 630 ι.
692 589 721 631 e.
732 567 948 631 liuumobrler
956 552 1148 652 (ατριπτοι)

31 684 253 807 perrpencunt.
296 666 1077 756 Mortalitusverointelligiturperoppolitioncm
1088 666 1151 728 lur-

31 775 111 859 ius”
125 784 158 835 et
173 793 225 857 qu.
239 772 281 857 sq.
394 844 397 849 ¹

120 872 212 939 l'ost
234 871 415 957 corporis
435 871 637 935 ruortem”
645 890 776 948 muner,
798 864 1046 957 quisecurrdurn
1059 866 1152 932 Chri-

34 978 120 1041 stum
139 974 311 1050 liniuntur,
338 973 373 1034 in
387 971 537 1035 Abrahae
554 973 656 1045 sunum
669 970 851 1058 proficisci„
871 969 916 1031 eit
928 967 994 1031 Eri.
1010 968 1046 1031 in
1063 983 1078 1033 1
1093 968 1153 1031 1²0-

35 1076 81 1140 sri
99 1070 126 1137 Ι.
148 1097 180 1160 p.
201 1083 261 1143 222
285 1083 317 1135 et
336 1070 377 1137 de
394 1084 434 1137 tr.
453 1071 512 1150 III,
537 1086 588 1149 29,
606 1080 677 1139 423.
727 1070 841 1135 Sinum
866 1071 956 1132 hunc
975 1068 1153 1148 intelligere

37 1170 169 1239 videt'ur
192 1176 297 1236 locum
318 1175 504 1236 aethereum
529 1174 564 1235 in
589 1173 786 1252 fragmento,
822 1167 909 1255 quod
931 1170 1155 1250 mingarellius

40 1293 85 1343 ex
122 1271 232 1337 codice
264 1274 392 1337 Veneto
430 1275 589 1358 exscripsit
629 1271 715 1353 (vid.
751 1269 968 1337 Cornmentar.
1005 1269 1050 1333 de
1085 1269 1155 1335 Did.

6 1406 9 1413 ·
40 1372 303 1463 p.xxxt⁷.11>,
332 1374 387 1435 ubr
403 1374 445 1435 fic
461 1370 621 1452 Didymus
642 1372 798 1458 loquitur:
839 1368 914 1432 Τῶν
936 1364 1159 1455 reperiremo-

42 1492 111 1549 πος
130 1460 337 1590 αἶθίγιος”
311 1494 373 1548 ων,
410 1463 482 1547 circs
473 1467 559 1555 πρὸς
583 1470 640 1535 τὸν
660 1464 898 1560 ὑπερκείμενον
917 1463 1086 1556 ciperon,
1120 1471 1158 1559 γῆ

42 1572 110 1637 τῶν
126 1564 305 1637 οἰκούντων
321 1564 429 1635 ἐστίν
472 1566 565 1636 ἐν’
524 1595 609 1662 aurp
592 1568 737 1638 τοίνυν
754 1570 788 1637 ol
808 1572 928 1688 appuis
941 1566 1161 1656 κατασκινώ-

45 1690 182 1747 σονσιν,
212 1664 262 1746 εἰς
278 1664 379 1737 αὐτὸν
395 1668 654 1760 προςόεχιίμενοι
671 1669 729 1738 τὸν
745 1663 885 1754 οὐρανὸν
904 1666 1161 1760 ἐμφανισθῆναι

44 1770 94 1856 τῷ
111 1761 283 1856 προςιίπῳ
297 1771 359 1837 τοῦ
373 1774 475 1838 θεοῦ·
510 1767 614 1861 μήπω
630 1769 693 1860 γὰρ
706 1768 771 1837 τῶν
787 1765 994 1853 ἐπαγγελιῶν
1011 1769 1163 1855 τυχόντες

47 1862 111 1940 οὐκ
132 1863 301 1948 οἰκοῦσιν,
331 1865 418 1959 ἀλλὰ
437 1875 708 1960 κατασκηνοῖισιν.
756 1872 800 1935 Hi
816 1871 911 1933 lancti
923 1893 984 1958 pro
999 1877 1100 1941 nobie
1112 1879 1163 1939 in-

48 1969 219 2035 tercedunt
238 1969 295 2053 (de
316 1984 355 2037 tr.
374 1971 417 2052 11,
440 1986 470 2051 7,
489 1988 569 2042 202:
608 1972 683 2039 Τῶν
707 1967 826 2059 ἕντῆς
843 1960 1012 2060 ἡμετέρας
1032 1966 1164 2063 φύσεως

48 2065 232 2162 γεγονότων
246 2066 349 2157 ἁγίων
359 2069 654 2157 πρεσβευόντων).-

136 2172 496 2242 Resurrectionem
516 2173 678 2257 Didymus
696 2175 766 2237 iore
785 2172 892 2236 statuit
910 2170 1030 2239 Ere-iri
1053 2178 1165 2245 tl’etri

49 2270 172 2361 lvxp.
194 2284 273 2353 8263
310 2272 352 2338 de
373 2287 412 2342 tr.
433 2274 475 2349 ΙΙ,
496 2289 525 2356 7,
549 2289 625 2355 ιιι,
670 2294 806 2361 eumque
830 2276 981 2363 corporis.
1028 2280 1166 2354 2Eadem

51 2376 159 2454 enim,
181 2392 263 2463 (puae
276 2395 359 2437 nunc
373 2376 547 2455 bohemus,
569 2396 699 2461 corpore
713 2378 981 2464 recuperabimus.
1025 2383 1166 2469 „Neque

51 2479 189 2542 verbum
216 2476 413 2560 prohibebit,
449 2476 622 2559 quominus
647 2478 826 2560 (homines)
852 2500 985 2565 corpore
1014 2483 1073 2545 tua
1104 2485 1167 2565 igni

51 2578 159 2643 abaco
179 2575 302 2640 ratione
319 2574 482 2659 absumpto
504 2578 691 2640 resumant’'
711 2581 769 2658 (ex
786 2576 977 2643 Corderirne
993 2580 1117 2648 Cetera
1137 2589 1170 2649 in

52 2675 129 2745 Joh.
158 2697 190 2763 p.
215 2677 300 2755 159).
363 2671 501 2759 Corpore
532 2688 641 2739 autem
666 2690 762 2742 erunt
788 2680 948 2763 spiritulia.
1007 2682 1171 2772 Loquitur

53 2777 145 2845 enirn
165 2776 205 2843 Τ.
223 2775 283 2841 lv.
304 2774 547 2857 Anecdotorum
565 2777 683 2844 Woltti
702 2802 733 2864 p.
758 2791 793 2847 11
816 2778 858 2843 ud
876 2779 985 2845 Actor,
1009 2782 1055 2864 ll,
1076 2800 1118 2853 26
1139 2788 1172 2850 in

54 2878 143 2945 hunc
164 2876 315 2943 modumr
356 2875 421 2956 „si
441 2878 512 2963 quir
533 2900 610 2944 vero
631 2881 710 2943 haec
736 2901 778 2941 ex
797 2882 931 2966 persone
949 2882 1091 2949 Davidis
1111 2887 1173 2951 dici

55 2978 222 3066 opinatur,
251 2975 373 3041 desinat
387 2979 449 3042 sese
459 2978 687 3064 simpliciorum
699 2980 874 3043 sententiae
889 2979 929 3044 de
942 2986 1173 3051 resurrectione

56 3099 233 3167 opponere.
288 3077 447 3158 Quamvis
473 3081 561 3144 enim
582 3081 619 3144 hi
645 3079 860 3155 demonstrare
887 3081 929 3145 ud
952 3087 1086 3148 oculum
1108 3109 1173 3149 non

56 3181 176 3270 possint
191 3175 278 3266 quod
291 3177 441 3260 credunt3
468 3181 522 3268 pie
536 3192 644 3243 tamen
657 3182 830 3260 legerunt,
851 3204 925 3245 cum
938 3190 1030 3264 ajunt
1045 3209 1175 3251 carnem

58 3282 240 3360 resurgere,
271 3290 308 3344 ut
327 3280 465 3365 spiritale
484 3292 516 3343 et
532 3280 772 3367 incorruptibile
785 3304 900 3370 corpus
911 3284 967 3366 lit;
987 3288 1073 3369 ¹licut
1086 3290 1174 3350 enim

58 3392 207 3448 mortuus
224 3378 280 3467 qui
297 3380 428 3461 resurgit
446 3384 516 3469 polt
534 3382 797 3445 resurrectionem
815 3385 911 3447 uivus
924 3387 986 3465 est,
1015 3409 1084 3450 ιιοιι
1098 3410 1174 3452 vero

14 3510 18 3517 ¹
58 3493 225 3559 mortuus,
255 3480 300 3544 ite
320 3499 393 3544 cero
413 3482 590 3546 resuscitate
608 3484 679 3568 post
698 3484 962 3548 resurrectionem
981 3487 1124 3572 spiritale
1144 3494 1177 3551 et

59 3579 302 3669 incorruptibile
326 3601 441 3666 corpus
466 3584 548 3647 est.”
599 3583 684 3647 Huic
707 3595 816 3649 eutem
837 3585 909 3649 loco
927 3605 995 3649 non
1018 3584 1176 3653 dissimilis

61 3683 109 3746 est
121 3684 220 3760 ulter,
241 3681 298 3767 qui
310 3681 345 3744 in
357 3683 509 3746 extremis
520 3682 678 3749 Euurrett.
693 3682 825 3764 (intur.
841 3702 874 3771 p:
889 3688 966 3768 3³7)
983 3688 1030 3749 ite
1043 3689 1177 3771 legiturr

61 3780 252 3868 ”Scriptum
273 3803 412 3868 natuque
437 3782 479 3847 de
505 3782 692 3863 hujusmodi
719 3786 808 3863 jultie
828 3789 874 3849 elt
895 3786 1178 3875 <Dan.x111,s)=

62 3879 245 3963 Fulgebuut
270 3883 348 3947 licut
372 3884 497 3948 clariter
526 3884 739 3965 firmamenti,
780 3897 813 3949 et
840 3887 1059 3969 intelligenter
1085 3901 1179 3953 ειιιιιι

64 3981 144 4049 sscut
169 3982 259 4047 ultro.
312 3983 484 4072 Propterea
510 4002 649 4072 numque
669 3984 765 4048 sancti
782 3988 981 4067 resurgentes
1004 4008 1026 4050 ιι
1043 3988 1178 4055 ιιιοιιιιίι

66 4100 142 4151 tum
160 4083 393 4173 incorruptibili
412 4094 445 4150 et
461 4083 617 4175 spirituali
631 4106 781 4179 corpore,
806 4088 881 4155 lolir
894 4100 927 4155 et
937 4089 1036 4157 lunae
1048 4100 1085 4157 et
1093 4087 1178 4166 tide,
