2572 4770
120 258 175 330 ἵε
387 286 391 297 ·
504 242 591 344 Gap.
616 244 649 314 R
702 241 850 315 critica.

116 394 253 497 acute.
294 423 354 492 Lis
365 423 422 489 ista
435 423 539 489 adime
553 422 689 513 pendam
710 421 767 493 alii
772 425 866 487 enim
880 421 978 486 libros
990 420 1029 487 N.
1041 417 1080 485 Τ.
1095 420 1135 483 ab
1149 374 1233 484 (trt-

125 551 206 612 gene
233 529 338 592 critica
364 525 527 606 diligentia
551 530 693 590 excussos
714 538 747 588 et
768 526 1003 610 comparatione
1027 520 1234 608 antiquorum

124 628 280 692 librorum
303 626 488 692 emendatos
509 632 636 695 censent
657 628 747 705 (huic
767 627 940 690 sententiae
960 627 1048 691 favet
1069 623 1245 687 Ernestiusr

125 712 168 795 tle
184 731 325 812 Origene
344 733 474 819 interpr.
496 731 517 797 s.
537 731 558 790 s.
577 749 621 807 gr.
641 738 722 789 auct.
744 730 847 813 opusc.
864 728 943 812 phil.
960 727 1027 788 crit.
1042 747 1074 811 p.
1093 735 1154 790 306
1170 727 1233 811 sqq.

127 818 161 896 et
177 833 302 912 Huglus
318 830 446 894 Einieit.
468 831 518 893 ins
531 830 570 896 N.
585 829 623 892 Τ.
640 825 676 891 P.
691 827 716 893 Ι.
746 851 777 913 p.
796 841 853 895 186
872 830 958 914 qu)3
989 827 1043 888 alii
1066 826 1150 887 nihii
1169 826 1235 887 lule

71 1014 76 1025 1
112 924 168 996 ”ab
180 934 246 1019 ipso
259 934 381 998 sactum
394 932 574 998 existimant
594 930 643 1012 (in
662 931 721 991 lrac
742 931 895 997 sententia
911 933 1041 999 fuerunt
1055 926 1236 1006 zacagnius

125 1033 162 1097 in
175 1035 307 1118 praefat.
324 1030 365 1094 ad
379 1054 523 1100 monum.
535 1043 599 1095 vet.
618 1033 691 1097 eccl.
705 1053 806 1111 graec.
824 1053 856 1115 p.
875 1042 932 1108 66,
961 1028 999 1093 R.
1018 1027 1184 1090 Simonias
1199 1029 1237 1091 in

122 1130 235 1196 nitcor.
261 1134 328 1200 crit.
351 1134 390 1200 N.
412 1133 451 1197 T.
472 1156 497 1198 c.
513 1142 564 1200 29.
593 1156 625 1219 p.
648 1144 708 1199 337
736 1143 768 1194 et
789 1131 910 1196 liliiiius
930 1131 963 1191 in
984 1130 1105 1215 prolog.
1129 1130 1171 1193 N.
1193 1128 1235 1197 T.

121 1254 161 1297 Ιιι.
176 1239 262 1313 ets).
311 1232 423 1318 Neque
442 1254 518 1296 vero
533 1235 560 1296 is
574 1255 633 1315 ego
650 1236 737 1311 sum,
763 1233 817 1318 qui
839 1232 889 1292 hic
905 1229 1077 1310 dijudicare
1090 1232 1145 1291 rel
1159 1231 1239 1316 pos-

30 1370 36 1381 »
106 1332 186 1399 ²im
202 1333 449 1404 veisustineam.
497 1334 611 1407 Liceat
629 1329 1238 1401 milritantummodosententiaml'.1.

126 1454 160 1521 p.
177 1446 227 1499 62.
249 1445 314 1500 aot.
334 1444 372 1500 56
392 1438 584 1528 propositam
603 1438 712 1522 paucis
731 1436 923 1524 amplificare
943 1446 976 1496 et
998 1432 1122 1498 fulcire.
1166 1422 1239 1518 lpse

123 1531 260 1621 quidem
272 1533 429 1613 Origenes
450 1534 542 1598 Torn.
557 1536 633 1607 XV.
648 1538 682 1604 iu
697 1536 809 1599 lilatth.
824 1537 887 1602 roi.
903 1532 961 1611 Ill,
978 1545 1057 1611 671,
1087 1533 1143 1595 ubi
1163 1532 1240 1597 Ve-

124 1634 294 1702 terisTest.
305 1637 540 1722 exemplaribus
552 1637 646 1700 valde
658 1637 812 1725 corruptis
824 1638 887 1704 sese
901 1636 1064 1701 occurrisse
1075 1635 1129 1712 ait,
1135 1634 1242 1697 simile

128 1731 295 1820 quidpiam
307 1737 340 1798 in
355 1737 394 1800 N.
409 1737 446 1801 T.
460 1739 523 1799 sese
545 1759 609 1801 non
632 1741 809 1803 sustinuisse
829 1736 967 1814 indicat3
995 1732 1133 1814 accedit,
1152 1732 1242 1821 quod

129 1833 329 1916 ln·0rigenis
347 1839 467 1924 scriptis
487 1841 615 1903 firmum
636 1844 842 1925 stabilemque
868 1839 906 1903 N.
926 1837 963 1903 T.
979 1847 1103 1903 textum
1124 1836 1242 1899 frustra

130 1955 282 2021 quaeram
301 1950 408 2000 tarnen
424 1941 503 2001 haec
516 1954 699 2021 argumenta
712 1942 794 2003 nihil
811 1939 1042 2015 demonstrant,
1069 1936 1146 2023 quia
1159 1935 1241 2001 Ori-

103 2078 107 2085 ·
129 2044 229 2117 'genes
241 2058 378 2125 operam
398 2042 486 2103 iliam
507 2042 663 2119 criticam,
691 2044 716 2110 st
733 2062 844 2104 revera
865 2042 1015 2126 suscepit,
1043 2038 1161 2130 partim
1174 2039 1241 2123 ipse

127 2138 228 2206 senex
241 2140 414 2231 suscipere,
430 2143 546 2229 partim
561 2140 720 2226 discipulis
736 2140 966 2227 suscipiendam
981 2140 1162 2225 relinquere
1177 2162 1242 2226 po-

129 2237 202 2306 tuit.
252 2239 438 2326 Susceptam
460 2255 567 2304 autern
585 2261 656 2303 earn
669 2245 708 2303 ab
723 2244 788 2328 ipso
804 2245 882 2321 esse,
905 2244 949 2304 est
962 2241 1239 2310 verisimillimum.

130 2335 255 2420 Diserte
264 2338 397 2418 Origeni
412 2344 625 2404 recensionem
632 2343 756 2421 Hugius
770 2344 803 2406 in
817 2341 1052 2410 introductione
1066 2340 1093 2421 Ι,
1102 2356 1164 2410 209
1175 2349 1239 2432 sqq.

131 2437 251 2522 aliique
265 2437 400 2521 dedere,
422 2464 526 2528 neque
538 2443 731 2522 argumentis
745 2444 770 2509 ii
791 2443 921 2529 quidem
939 2457 969 2507 et
985 2446 1116 2506 internis
1131 2457 1243 2508 etex-

130 2539 230 2604 ternis
247 2536 395 2605 destituti.
446 2542 610 2608 Intellerrit
629 2545 715 2605 enim
733 2546 780 2623 (in
793 2544 906 2608 illatth.
924 2546 962 2610 T.
977 2545 1054 2611 XV.
1069 2546 1091 2609 1.
1106 2547 1144 2628 l.)
1161 2547 1243 2613 Ori-

131 2646 230 2718 genes
245 2645 479 2729 corruptionem
494 2646 725 2731 exemplarium
741 2645 780 2713 N.
795 2646 852 2726 T.,
880 2649 1056 2733 susceperat
1077 2668 1155 2711 vero
1169 2671 1244 2711 cor-

131 2741 307 2810 rectionem
321 2744 363 2811 V.
379 2744 436 2826 Τ.,
468 2748 678 2811 vehementer
697 2747 793 2827 igitur
813 2771 879 2810 non
899 2749 1028 2814 excitari
1048 2770 1112 2811 non
1137 2751 1243 2834 potuit

132 2835 174 2907 sd
186 2841 287 2905 stmile
301 2844 463 2930 quidpiam
479 2848 513 2909 in
524 2849 563 2914 N.
573 2847 610 2911 T.
623 2844 852 2917 sustinendum.
892 2847 1015 2912 Diserte
1027 2862 1135 2911 antem
1151 2874 1244 2920 com..

131 2958 291 3008 memorat
303 2946 520 3029 Hieronymus
533 2947 573 3010 ad
588 2948 700 3014 Matth.
715 2947 843 3027 mv,
860 2960 909 3014 66.
932 2948 1017 3035 Opp.
1031 2949 1071 3015 T.
1088 2949 1146 3015 IV.
1165 2951 1201 3016 P.
1216 2951 1241 3021 Ι.

132 3062 165 3134 p.
184 3057 253 3115 trs.
273 3046 322 3112 erl.
338 3045 526 3117 lilartianaei
545 3063 576 3111 et
596 3051 631 3117 iu
649 3072 698 3137 ep.
715 3049 756 3112 ad
770 3050 838 3113 Gal.
854 3048 914 3126 111,
932 3062 958 3117 1.
982 3051 1025 3114 ib.
1041 3074 1072 3135 p.
1088 3058 1148 3118 ets
1163 3051 1244 3117 Ori-

133 3146 224 3230 genis
238 3145 454 3229 (Adamantii)
468 3152 742 3238 exemplaria,
762 3141 960 3236 ἀντίγραφα.
1003 3150 1085 3217 Sunt
1102 3151 1242 3237 quidem,

132 3245 190 3339 qul
208 3235 287 3316 liaeo
300 3248 450 3330 Origeuis
472 3254 668 3343 exemplaria
686 3253 867 3333 intelligunt
888 3251 1011 3316 codices
1033 3254 1071 3316 ab
1092 3271 1132 3314 eo
1151 3274 1245 3316 com-

16 3370 18 3374 ’
131 3360 260 3439 paratos
285 3364 316 3414 et
336 3351 376 3413 acl
397 3351 627 3437 interpretandi
646 3355 736 3423 usum
759 3355 937 3435 congestos,
964 3353 1036 3433 sed,
1057 3365 1095 3416 ut
1106 3353 1245 3435 videtur,

134 3449 261 3537 injuria.
303 3452 431 3522 Etenim
445 3452 766 3535 iiLucianiiliartyris
782 3456 1053 3541 exemplaria,
1075 3453 1247 3521 abeodem

134 3549 334 3634 Hieronymo
360 3555 394 3619 iu
417 3557 549 3640 praefat.
580 3554 620 3617 ad
640 3555 830 3642 Paralipom.
852 3566 1118 3635 commemorata,
1156 3556 1247 3632 nulla

111 3686 117 3697 ·
134 3652 297 3732 eliciunt,
312 3655 371 3723 nili
386 3675 467 3740 quae
480 3655 545 3740 ipse
561 3658 739 3720 criticorum
752 3678 841 3720 more
855 3660 1027 3735 recensuit,
1046 3654 1087 3718 de
1103 3678 1166 3742 quo
1181 3655 1246 3719 du-

133 3756 229 3824 bitari
249 3760 338 3822 nullo
359 3754 456 3824 modo
476 3759 593 3841 potest,
629 3780 686 3826 nec
711 3761 880 3846 quisquam
907 3779 1047 3843 unquam
1072 3755 1246 3823 dubitavit:

134 3848 215 3950 quid
228 3862 274 3921 est
287 3861 412 3938 causae,
437 3879 534 3944 quare
551 3857 702 3939 Origeuis
724 3861 918 3948 exemplaria
940 3861 979 3928 N.
993 3859 1030 3923 Τ.
1048 3859 1141 3920 aliter
1160 3857 1246 3923 ecci-

134 3959 279 4049 picntur,
308 3961 490 4046 praesertim
512 3983 584 4027 curu
596 3963 811 4044 Hieronymus
834 3984 944 4024 eorum
965 3960 1154 4024 auctoritate
1170 3971 1249 4021 uta-

49 4054 52 4061 '
133 4068 189 4123 tur
208 4057 251 4121 ed
271 4061 419 4127 lectionis
437 4063 605 4127 veritatem
628 4062 849 4126 asserendam?
890 4061 1041 4152 Accedit,
1072 4061 1158 4147 quod
1181 4061 1249 4148 ipse

134 4154 354 4247 Hieronymus
378 4186 492 4235 vocem
514 4166 762 4251 exemplaria
790 4164 980 4250 explicuerit
1000 4162 1071 4227 adv.
1090 4148 1249 4233 Rufinum
