2572 4770
122 267 204 343 aot
418 254 541 355 'cap
563 255 637 333 ιιι.
684 252 916 349 bagmam

123 440 283 517 redditur.
330 435 446 527 Neque
461 437 561 504 etiam
576 434 741 503 hulo‘tienr
750 438 905 500 vocamur
918 430 1104 521 simpliciter
1112 434 1242 513 honam,

127 544 295 621 sedeam,
329 560 394 628 qua
414 542 486 627 quia
506 539 582 606 huic
601 540 705 603 seculo
725 537 840 601 stultus
864 530 1033 598 videtur.’'
1089 534 1241 619 „Quodsi

127 650 197 733 (ib.
226 648 253 730 b.
276 655 307 709 7.
341 662 376 727 p·
399 642 484 721 ³26)
516 638 738 705 clanculariarn
768 638 862 722 saepe
893 645 989 698 vocat
1013 638 1157 701 nostram
1182 636 1242 700 do-

129 750 286 823 utrinam,
315 741 414 806 etiam
432 741 468 805 in
484 744 547 806 hoc
569 736 783 805 confutandus
801 739 864 816 est,
888 758 963 799 cum
974 735 1030 799 illa
1046 737 1085 801 sit
1101 736 1163 802 toti
1176 737 1242 801 orbi

129 842 389 929 magiacognita,
417 862 514 928 qnam
531 838 1104 928 ipsamet·placitaphilosophorum..
1147 836 1243 903 Cete-

128 970 206 1017 rum
224 946 288 1009 asse
306 940 464 1030 quaedam
483 940 694 1005 reconditiora
711 939 933 1004 neooruuibue
949 950 1086 1017 retecta,
1109 936 1145 1002 id
1158 937 1243 1003 chri-

130 1050 251 1117 stianae
265 1043 427 1107 doctrinae
440 1063 609 1107 commuue
622 1044 667 1105 est
678 1060 752 1105 cum
762 1038 1001 1127 philosophia.”
1045 1038 1242 1125 Ubicunque,

89 1168 92 1173 ·
130 1150 242 1221 Celsus
255 1144 392 1222 dixerat,
403 1142 572 1207 Christiani
584 1141 845 1221 adolescentulos¹
861 1144 1006 1217 servulos
1019 1153 1051 1202 et
1059 1143 1167 1204 satnoa
1176 1142 1244 1205 eol-

128 1254 230 1319 lectoa
236 1243 529 1320 animadverterint,
544 1244 622 1304 eose
632 1242 783 1322 ingerunt
791 1242 1139 1330 illorumqueplausum
1145 1261 1244 1304 aucu-

129 1364 258 1443 pantur.
291 1393 313 1427 „
322 1345 412 1421 w,
427 1340 516 1421 orig.
531 1341 700 1428 respondet
709 1341 769 1422 111,
781 1355 890 1410 5051.
911 1348 1115 1431 plaudat,
1135 1362 1245 1428 „quae

130 1447 395 1529 tandemjnostrae
402 1442 553 1505 illaesum
566 1441 731 1527 ineptiae?
757 1441 1023 1530 Autquidsimile
1036 1444 1244 1507 circumfora-

64 1578 74 1607 ι
130 1542 1246 1629 miacirculamribnasecimuanoequilectionibuelectionnmqueex-

128 1648 355 1743 plicationihua
363 1643 567 1709 accendimur
575 1641 614 1705 ad
623 1643 856 1729 pietatemerga
868 1644 1089 1708 universorum
1096 1643 1244 1709 Damnat

130 1751 175 1818 ad
186 1754 321 1817 virtutae
336 1745 483 1827 ejusdem
495 1766 569 1808 cum
582 1743 701 1829 pietate
717 1743 896 1826 dignitatis,
926 1746 1045 1832 quique
1059 1742 1244 1809 abducimur

52 1842 55 1847 ¹
131 1860 351 1937 econtemptu
365 1846 509 1910 uuminie
528 1858 561 1910 ct
575 1846 614 1906 ab
636 1844 801 1925 omnibus,
820 1864 903 1932 quae
917 1845 1158 1928 rectaegrationi
1168 1868 1244 1909 cou-

130 1956 226 2021 traria
235 1949 332 2017 snut?
353 1948 447 2019 Certe
457 1959 489 2010 et
501 1947 560 2033 ipsi
569 1945 750 2032 philosophi
759 1948 941 2035 optaverint
953 1948 1035 2010 tales
1046 1964 1241 2031 congregare,

131 2055 190 2145 qui
202 2058 273 2120 sune
289 2049 471 2115 dehoneste
483 2048 645 2112 sermonen
658 2046 801 2111 audiant.
847 2044 946 2126 Quod
958 2044 1241 2133 quidemsecerunt

129 2157 275 2225 inarime
286 2148 418 2242 quidam
429 2169 448 2212 e
459 2147 605 2229 Cynicis,
626 2151 681 2236 qui
694 2149 820 2237 publice
832 2144 919 2234 apud
932 2148 1104 2211 fortuitum
1116 2148 1242 2214 andito·

132 2261 218 2327 riom
233 2254 433 2319 disserebant.
478 2248 536 2313 An
550 2249 648 2313 etiam
663 2250 756 2330 illos,
778 2249 910 2336 quinon
925 2246 1069 2313 eruditor
1085 2252 1240 2333 colligunt,

132 2357 190 2427 sed
209 2378 229 2420 e
249 2353 355 2419 triviis
369 2351 533 2416 auditores
550 2352 722 2429 arcessunt,
743 2353 910 2414 conserent
921 2368 996 2413 cum
1010 2349 1240 2417 circulatorihua

63 2470 68 2477 '
131 2457 326 2545 ineptiffirua
344 2452 379 2515 in
398 2454 470 2517 soro
495 2448 729 2531 garrientibus?
771 2447 838 2513 Sed
859 2469 963 2536 neque
986 2448 1114 2532 Celsae,
1142 2473 1240 2541 neque

132 2560 302 2649 quisquam
322 2550 437 2616 eadem
456 2550 661 2614 sentientium
678 2548 744 2613 illie
762 2551 842 2613 vitio
861 2548 964 2629 dabit,
991 2549 1079 2636 quod
1092 2552 1241 2619 hnmani-

131 2660 207 2727 tatia
227 2646 291 2719 asie
310 2652 461 2717 duxerint
481 2648 596 2715 rudem
618 2648 744 2713 erudire
758 2651 968 2735 plebeculam.
1011 2650 1060 2714 At
1075 2654 1240 2719 siminime

130 2752 283 2848 culpandi
301 2759 374 2820 sunt
392 2755 442 2817 illi
461 2751 517 2839 qui
538 2749 574 2814 id
597 2750 735 2832 saciunt3
763 2749 932 2814 rideamus
950 2771 990 2813 an
1008 2773 1077 2816 non
1094 2758 1242 2838 mugiret

127 2857 249 2930 melior
263 2878 360 2947 qnam
370 2855 419 2919 illi
431 2851 472 2916 ad
485 2853 682 2916 honestatem
698 2864 871 2937 provocent
880 2851 1062 2917 Christiani.
1090 2854 1146 2920 llli
1159 2858 1240 2921 eninr

128 2965 258 3055 publice
271 2962 370 3024 verba
381 2954 536 3018 iacientes
548 2954 730 3039 philosophi
746 2974 811 3016 non
825 2952 960 3033 seligunt
978 2951 1161 3040 auditores,
1190 2956 1242 3022 sed

127 3065 232 3131 adstat
242 3058 386 3149 quiaquia
403 3057 474 3118 vult
495 3066 529 3117 et
547 3051 648 3118 audit.
698 3051 866 3117 Christiani
886 3053 990 3117 vero¹’
1011 3055 1089 3134 (hoc
1109 3055 1153 3122 de
1174 3059 1240 3123 loco

128 3166 187 3233 cir.
200 3159 342 3231 Neandri
355 3158 389 3223 S.
403 3158 446 3223 V.
459 3154 697 3237 Antiguosticua
708 3177 739 3241 p.
757 3166 817 3223 150
831 3158 891 3244 sq.)
912 3169 1016 3237 „ante
1038 3159 1150 3223 omnia
1167 3180 1242 3247 per-

128 3273 257 3333 tentant
277 3259 382 3349 quoad
401 3259 480 3331 licet.
492 3257 769 3351 animae‘eorum,
796 3256 852 3345 qui
870 3259 955 3346 ipson
974 3255 1086 3323 andire
1101 3260 1242 3347 cupiunt,

128 3377 165 3433 et
183 3362 334 3453 privatim
353 3361 426 3425 illua
440 3350 638 3439 informent}
664 3370 761 3443 atque
783 3379 859 3422 eum
878 3357 1041 3423 auditores
1061 3360 1130 3437 illi,
1150 3374 1243 3426 ante-

127 3487 228 3557 quam
249 3464 286 3527 in
298 3472 426 3525 coetum
447 3457 673 3537 admittantur,
695 3458 773 3522 satia
797 3459 833 3521 in
853 3459 1020 3525 voluntate
1038 3462 1179 3547 nonem,
1190 3462 1243 3526 via

127 3565 231 3651 rendi
247 3560 413 3652 proiecisse
435 3557 603 3640 ridentur,
640 3568 716 3622 tuuc
735 3555 868 3623 taudem
887 3560 963 3625 illoe
981 3561 1160 3650 recipiunt,
1189 3560 1243 3627 di-

127 3665 249 3735 stinctia
264 3660 448 3741 ordinibus,
473 3660 575 3723 altero
595 3678 708 3722 eorum
724 3659 781 3745 qui
794 3680 906 3725 moene
918 3662 1109 3749 inceperunt
1120 3684 1243 3752 nuper,-

126 3789 193 3857 qne
205 3763 331 3832 admiffi
343 3764 432 3842 sunt,
453 3760 590 3825 necdum
602 3763 779 3844 symbulum
792 3760 1021 3848 purificationis
1034 3778 1241 3852 acceperuut3

127 3872 230 3937 altero
243 3884 374 3942 eurum,
398 3861 454 3948 qni
467 3882 525 3948 pro
538 3861 660 3927 viribus
671 3865 703 3926 se
719 3865 965 3948 comprobarunt
982 3861 1018 3926 id
1031 3863 1153 3929 habere
1165 3886 1243 3953 pro-

126 3972 285 4061 positum,
305 3976 342 4029 nt
353 3963 435 4027 nihil
451 3963 570 4045 velint,
598 3965 657 4029 uisi
674 3985 756 4051 quae
768 3963 952 4031 Christiania
969 3965 1129 4049 placeant.
1175 3966 1240 4031 Hor

125 4072 211 4139 inter
234 4066 364 4156 quidam
383 4065 542 4130 constituti
561 4066 651 4147 sunt,
679 4063 735 4150 qui
757 4065 791 4128 in
811 4065 912 4129 vitam
933 4077 1096 4133 almerae
1120 4086 1240 4158 eorum,

73 4164 423 4484 ιμιᾶιὶαιιιωι,
446 4165 628 4259 inquirant,
653 4165 935 4235 uttcclerumreie
948 4164 1143 4241 incardium
1153 4162 1241 4237 adin

129 4356 158 4381 'J
