2572 4770
122 281 222 361 tiss
343 356 345 363 ,
468 276 557 373 θαι)
580 252 652 351 sss.
702 280 931 374 Dogmntico.
996 354 1004 369 ,

143 458 285 539 minus,
299 468 467 543 propterea
490 457 646 525 id'etiant
660 460 755 548 -quod
773 465 821 526 est
841 463 966 526 summe
981 454 1191 542 uenerabile,
1216 471 1259 526 'et

143 580 189 625 ex
207 579 247 623 eo
266 556 353 643 quod
372 560 558 624 sitonicum
578 561 740 641 laudatur,
764 576 801 624 nt
814 562 901 648 quod
918 565 956 626 sit
975 563 1112 626 imitatio
1129 562 1258 649 princi-

142 659 206 748 pii,
234 656 320 745 quod
341 662 386 722 est
404 684 531 726 unum..
557 661 597 726 In
611 663 706 725 unius
721 683 797 742 ergo
811 660 944 726 naturae
956 667 1072 726 sortem
1088 676 1258 749 cooptatur

143 761 290 845 ecclefie,
325 780 409 844 quae
432 765 478 825 est
498 783 579 840 una,
615 784 711 848 quarn
734 776 889 826 conantur
913 765 1059 827 haereses
1079 765 1112 826 in
1135 766 1255 828 multas

143 858 357 935 discindere.’'
408 859 458 925 Ib.
482 885 514 947 p.
535 877 615 929 900:
653 857 735 927 Min
760 860 823 949 γὰρ
849 854 869 949 ἡ
894 857 1028 927 πάντων
1051 862 1168 948 γέγονε
1190 864 1256 928 τῶν

143 952 344 1043 ᾆποστόλων
363 953 474 1048 ὥςπερ
493 956 726 1037 διδασκαλία,Ι
742 958 849 1040 οὕτως
868 962 906 1028 δὲ
924 963 980 1028 καὶ
995 954 1016 1048 ἡ
1030 958 1255 1050 hoccidente»

141 1054 251 1135 initiet
271 1084 366 1139 vero,
395 1060 481 1146 quud
500 1061 675 1125 dolendum
688 1066 751 1142 est,
777 1066 835 1149 ipsi
856 1067 1062 1145 haereses,
1091 1070 1178 1152 q'uae
1192 1088 1255 1129 no-

140 1175 384 1246 mengeruut‘„
391 1163 472 1223 aliae
489 1182 531 1224 ex
551 1165 680 1243 singulis
697 1165 898 1243 bominibus,
924 1181 962 1226 ut
979 1168 1253 1252 quaeappellatae

89 1262 92 1267 ’
142 1271 217 1335 sunt
234 1286 253 1327 a
270 1263 445 1327 Valentino
468 1273 501 1323 et
518 1261 682 1327 Marcione
701 1276 734 1327 et
750 1264 811 1327 Bas
798 1265 905 1345 silide,
935 1266 1056 1328 etiamsi
1078 1267 1253 1346 glorientur

141 1365 342 1459 spMatthiee
359 1362 545 1463 opinionem
564 1363 774 1443 adducere,
792 1367 898 1430 ‚alise
918 1379 1026 1429 autem
1040 1386 1082 1428 ex
1099 1368 1193 1444 loco,
1201 1378 1253 1429 ut

141 1468 305 1544 Peraticip
324 1462 378 1527 alii
402 1482 453 1524 ex
462 1458 575 1543 gente,
603 1477 638 1527 ut
651 1465 815 1547 Phrygum
834 1469 987 1546 haeresis,
1017 1467 1099 1528 aliae
1115 1488 1253 1555 exope-

141 1571 265 1637 ratione
284 1563 582 1642 utEncratitarum,
603 1567 685 1627 aliae
702 1586 744 1628 ex
756 1569 892 1654 propriis
907 1566 1082 1648 dogmatis,
1103 1568 1255 1632 utDoci-

139 1684 247 1739 tarum
270 1678 304 1733 et
327 1665 598 1745 Haematitarum,
633 1668 715 1729 eliae
741 1671 1020 1756 expositionibus
1047 1680 1081 1731 et
1107 1669 1252 1756 hequen

119 1773 227 1860 ‚ipsse
247 1771 465 1847 honorarunt,
499 1778 538 1830 ut
561 1767 618 1854 qui
636 1768 837 1854 appellantur
855 1770 1029 1849 Cajanistae
1047 1780 1080 1831 et
1097 1767 1251 1856 Opbiani,

140 1875 226 1937 eliae
237 1890 317 1936 uero
329 1890 372 1931 ex
388 1869 447 1947 iis,
469 1889 552 1954 quae
565 1871 688 1932 nefarie
702 1873 794 1932 ausae
809 1871 880 1933 sunt
891 1882 924 1932 et
936 1880 1178 1954 perpetrarunt,
1199 1871 1251 1957 qui

140 1996 186 2057 ex
213 1969 409 2038 Simonianis
437 1980 593 2033 vocantur
618 1970 837 2052 Eutychitae''
869 1969 954 2050 (Str.
975 1967 1052 2045 VII,
1079 1982 1128 2047 18,
1152 1977 1251 2052 900);

140 2068 256 2143 omnes
278 2085 386 2136 autem
406 2070 556 2133 bifariam
577 2069 676 2133 dividi
698 2063 884 2157 poss,unt
872 2060 1112 2158 sarracenos
1130 2069 1252 2160 ζῇιδι-

139 2171 343 2253 δᾶσκουσιι,
367 2163 390 2256 ἢ
408 2171 448 2235 τὸ
464 2161 647 2256 ὑπέρτονον
663 2159 828 2253 ἄγουσαι,
849 2164 1042 2257 ἐγκράτειαι
1056 2165 1116 2232 διὰ
1130 2189 1254 2237 συσσι-

139 2275 236 2363 βιίας
248 2297 306 2339 και
295 2263 664 2359 φιλαπειθημοσύιης
677 2268 953 2374 καταγγέλλουσιν
966 2270 1043 2350 (Str.
1050 2268 1111 2349 111,
1122 2281 1151 2349 6,
1167 2278 1251 2353 529).

139 2378 298 2445 Describit
318 2372 469 2459 Clemens
486 2373 680 2451 haereticos,
705 2395 786 2458 quos
800 2372 862 2437 Str.
877 2372 937 2451 ΙΙΙ,
960 2384 1009 2451 12,
1031 2376 1093 2436 547
1115 2372 1253 2458 serpenti

140 2478 321 2545 simillimos
336 2470 378 2537 ad
397 2470 540 2556 proprias
561 2469 721 2534 deducere
742 2474 911 2559 opiniones
931 2472 992 2548 eit,
1029 2469 1090 2534 Str.
1106 2471 1184 2553 v11,
1203 2487 1269 2555 16,-

141 2591 203 2647 890
216 2580 300 2662 sqq.:
327 2571 514 2653 „Adversus
527 2573 762 2636 ecclesiasticam
776 2574 976 2637 recalcitrant
986 2569 1204 2639 traditionem.
1218 2622 1226 2639 .
1242 2622 1250 2639 .

138 2679 176 2747 si
195 2674 389 2767 propheticis
411 2676 458 2760 (p.
480 2677 558 2752 891)
576 2696 703 2760 quoque
722 2677 883 2762 scripturis
905 2676 950 2736 uti
969 2672 1035 2736 ausi
1053 2673 1178 2736 suerint
1199 2674 1261 2761 qni·

137 2783 296 2847 sectantur
307 2778 468 2855 haereses,
487 2776 629 2860 primum
643 2774 775 2859 quidem
788 2798 854 2839 non
863 2775 1035 2851 omnibns,
1048 2771 1172 2837 deinde
1187 2796 1252 2837 non

136 2880 303 2970 perfectis,
336 2896 443 2961 neque
464 2887 501 2939 ut
522 2874 619 2938 dictat
643 2898 757 2963 corpus
785 2891 818 2941 et
836 2888 1022 2940 contextura
1044 2877 1253 2959 prophetiaeg

136 3002 253 3053 verum
274 2978 429 3057 eligentes
447 2997 501 3055 ee,
532 2996 614 3062 quae
635 2974 717 3039 dicta
740 2981 811 3041 sunt
833 2979 998 3057 ambigue,
1026 2976 1198 3041 traducunt
1212 2978 1253 3042 ed

135 3081 281 3169 proprias
295 3078 481 3163 opiniones,
500 3097 617 3162 paucos
630 3098 725 3140 voces
741 3081 869 3163 sparsim
883 3088 1066 3163 carpentes,
1094 3100 1202 3165 neque
1219 3078 1252 3142 id

136 3180 387 3256 considerantes,
400 3177 486 3264 quod
505 3199 548 3239 ex
559 3178 633 3262 ipsis
645 3180 852 3260 significatur,
867 3177 922 3241 sed
935 3180 1000 3263 ipsa
1012 3178 1098 3243 nuda
1113 3179 1252 3244 dictione

135 3293 274 3349 utentes.
290 3327 298 3344 .
318 3330 326 3345 .
369 3281 481 3366 Neque
494 3281 608 3342 volunt
621 3283 764 3345 converti
777 3281 817 3344 ad
833 3281 1021 3356 veritatem,
1043 3292 1081 3341 ut
1092 3302 1175 3366 quos
1186 3303 1253 3367 pu-

48 3370 52 3389 :
135 3383 210 3449 ὼιιι
237 3384 286 3447 sui
309 3385 345 3445 in
373 3384 493 3469 seipsos
518 3382 636 3445 amoris
660 3382 821 3469 deponere
840 3381 1113 3469 praerogativam
1146 3402 1251 3469 neque

133 3486 235 3553 ssiunt
258 3506 320 3571 qua
342 3485 466 3547 ratione
485 3483 601 3569 possint
617 3483 688 3546 suas
703 3485 844 3547 stabilire
871 3484 1055 3569 opiniones,
1089 3482 1252 3568 scripturis

132 3587 203 3651 vim
218 3587 398 3649 asserentes.
443 3584 525 3648 cum
547 3582 715 3645 autern-ed
735 3586 811 3647 salsa
829 3587 863 3647 in
882 3576 1250 3667 vulgusprose'rendum

134 3685 284 3770 dogmata
303 3685 524 3773 processerint,
552 3705 625 3745 cum
647 3686 797 3749 omnibus
816 3688 885 3750 scre
903 3684 1063 3771 scripturis
1082 3682 1250 3746 evidenter

133 3800 331 3877 pugnantes,
367 3797 401 3847 et
421 3786 547 3868 semper
568 3804 586 3845 a
607 3788 715 3859 nobis,
750 3787 807 3873 qui
831 3799 940 3850 contra
959 3806 1015 3847 eos
1036 3781 1246 3868 disputemus,

135 3890 307 3969 confutati,
345 3883 431 3973 quod
451 3884 612 3970 reliquum
634 3888 681 3949 est
712 3908 797 3949 nunc
824 3906 953 3973 quoque
974 3896 1112 3971 pergunt
1130 3886 1167 3977 se
1186 3907 1248 3971 op-

133 3990 281 4078 p’cnsrs,
335 3986 451 4074 partim
485 4006 528 4047 ex
561 3988 755 4073 propheticis
790 3989 895 4073 aliqua
932 4010 997 4049 non
1034 3972 1244 4057 admittendo,

134 4090 251 4177 parlim
269 4111 346 4167 noe,
373 4086 460 4174 quasi
476 4088 573 4150 simus
588 4089 720 4152 alterius
737 4102 885 4166 naturae,
916 4099 950 4150 et
970 4108 1051 4174 quae
1072 4091 1147 4151 sunt
1166 4088 1245 4149 illo-

133 4182 346 4278 rimprcpria
362 4193 409 4277 (p.
426 4192 502 4268 892)
521 4210 588 4253 non
608 4191 761 4277 possimus
780 4190 978 4272 intelligere,
1006 4184 1242 4253 calumniando.
