2572 4770
108 197 183 272 844
433 174 523 280 θινὶ).
547 186 625 259 m.-
668 124 899 279 Dogmotico.

110 372 204 456 VIII,
222 389 259 457 ος
284 372 378 453 XIV,
394 383 443 439 st.
462 380 520 451 θος
547 365 687 457 IX,183
714 361 876 443 XXVIII,
893 373 932 429 17
946 361 1005 441 (ct
1017 358 1062 427 de
1075 361 1219 444 tr.1,t⁴.

110 497 145 564 p.
165 480 249 553 102).
299 473 420 535 Pariter
439 468 479 533 de
499 481 537 532 tr.
554 464 597 542 11,
617 477 645 545 a,
666 476 741 533 rae:
770 456 824 540 Ἐξ
840 456 934 539 ἴσον,
961 467 1024 545 aa,
1051 463 1101 548 τῷ
1120 465 1221 551 πατρὶ

111 565 198 637 θεόν
215 593 253 637 τε
271 561 357 638 εἶναι
371 566 430 634 τὸν
443 564 603 653 μονογενῆ
616 558 713 651 λόγον
726 557 929 645 πιστεύομεν
944 566 1004 631 aas
1015 568 1221 650 ποοςκυνοῦ-

111 692 174 756 μον
191 671 250 736 καὶ
266 665 467 757 λατρεὺομον
486 661 594 754 ditati,
627 682 659 733 et
672 668 715 733 ib.
741 690 766 731 c.
788 679 839 734 21.
861 689 893 751 p·
915 678 993 733 292:
1022 660 1073 731 Ἐν
1094 667 1144 752 τῷ
1163 662 1221 756 oiqi

33 800 35 805 ·
108 772 374 860 προςκονοῦντες
386 766 444 834 τὸν
455 767 587 856 πατέρα
599 766 844 854 προςκυνοῦμεν
856 760 983 831 καὶτὸν
994 761 1079 832 οἷόν.
1123 770 1222 833 Gom-

110 873 285 961 prehendit
310 869 485 957 repetendo
509 872 597 933 suam
624 868 665 932 de
684 867 850 930 divinitate
870 867 930 929 filii
951 866 1016 931 Dei
1034 870 1222 936 seutentiam

111 972 267 1042 XXXIV
296 972 561 1060 propositionibus
589 969 629 1035 de
652 981 691 1035 tr.
712 967 774 1049 Ill,
794 982 825 1050 2,
845 978 906 1036 322
924 968 1010 1055 sqq„
1047 991 1128 1057 quas
1148 970 1220 1039 sul.

111 1071 240 1138 tradere
253 1074 379 1154 longius
392 1076 445 1138 est.

200 1172 257 1235 De
278 1175 428 1259 spiritu
449 1174 586 1237 sancto
608 1172 706 1235 verba
727 1170 831 1234 noster
850 1169 927 1232 facit
941 1180 1013 1233 tum
1030 1170 1065 1235 in
1080 1173 1170 1237 libris
1184 1171 1221 1239 de

112 1270 159 1357 sp.
176 1271 255 1351 scto,
274 1284 344 1338 tom
357 1273 398 1337 de
410 1275 560 1338 trinitate.
602 1269 776 1336 Librorum
789 1269 829 1334 de
843 1274 887 1357 sp.
900 1273 963 1335 scto
979 1275 1223 1360 conscriptorum

70 1380 75 1391 '
113 1371 272 1436 tationem
286 1372 406 1440 indicat
418 1373 458 1438 de
472 1376 516 1461 sp.
531 1377 594 1438 scto
606 1372 666 1437 111.
687 1395 719 1459 p.
737 1383 817 1451 5³0,
839 1372 910 1436 ubi:
945 1371 1009 1435 ”si
1022 1374 1143 1458 qnia„,
1171 1378 1221 1457 ait,

112 1467 206 1533 ”hoc
223 1474 376 1538 volumen
397 1478 504 1556 legere
523 1473 680 1553 voluerit,
709 1475 899 1558 quaesumus
918 1484 955 1534 ut
973 1474 1112 1539 mundet
1133 1480 1165 1539 se
1186 1481 1222 1542 ab

112 1572 205 1635 omni
224 1592 321 1657 opere
339 1576 427 1638 malo
449 1588 482 1638 et
500 1575 742 1656 cogitationibus
759 1574 918 1660 pessimis,
948 1597 1012 1660 quo
1031 1578 1127 1661 possit
1145 1580 1222 1642 islo-

112 1671 236 1736 minato
260 1673 354 1739 corde
378 1698 416 1739 ea
438 1677 615 1757 intelligere
637 1697 718 1762 quae
740 1673 903 1750 dicuntur,
931 1687 963 1738 et
980 1677 1224 1762 plenussancti-

112 1781 182 1834 tate
203 1777 472 1862 atquesapientia
492 1779 651 1872 ignoscere
672 1778 781 1855 nobis,
819 1776 915 1838 sicubi
940 1777 1143 1843 voluntatem
1163 1805 1222 1847 no·

111 1870 210 1937 stram
236 1896 301 1938 non
320 1878 469 1963 implerit
488 1880 637 1958 effectus,
671 1890 703 1940 et
723 1875 944 1950 tantummodo
967 1878 1144 1944 consideret
1166 1906 1222 1969 qua

111 1985 226 2037 mente
248 1975 324 2062 quid
352 1975 472 2063 dictum
497 1980 551 2059 srt,
591 2002 654 2041 non
679 1979 794 2064 quibus
817 1979 996 2063 expressum
1019 1981 1221 2051 sermonibus.

111 2070 206 2139 Sicut
222 2079 309 2141 enim
327 2080 454 2165 pietatis
469 2080 593 2145 sensum
609 2079 701 2143 nobis
714 2076 874 2141 audaciter
891 2081 980 2157 juxta
996 2084 1135 2146 nostram
1149 2109 1224 2149 con-

113 2173 280 2243 scientiam
296 2179 521 2247 vendicamus:
549 2183 593 2244 ita
607 2191 761 2266 quantum
781 2176 822 2269 de
835 2200 873 2241 eo
889 2179 977 2263 loqui
989 2183 1146 2265 pertinet,
1166 2208 1223 2251 ve-

115 2278 274 2344 nustatem
292 2281 482 2345 rhetoricam
498 2281 744 2366 facundiamque
766 2281 855 2357 juxta
876 2282 1135 2365 consequentiam
1151 2300 1224 2351 tex·

114 2389 250 2465 tumque
276 2380 449 2461 sermonis,
486 2404 544 2445 nos
565 2381 676 2467 procul
700 2381 802 2442 abesse
826 2380 1009 2464 simpliciter
1027 2387 1223 2455 confitemur.

113 2475 224 2550 Stadii
251 2482 369 2566 quippe
396 2484 492 2544 nostri
513 2482 592 2560 fuit,
629 2478 669 2543 de
694 2480 854 2563 scripturis
872 2481 985 2547 sanctis
1006 2480 1225 2554 disserentibus

114 2579 171 2671 pie
194 2580 472 2667 intelligerequae
489 2583 600 2667 scripta
619 2583 705 2656 sunt,
733 2593 767 2642 et
778 2580 970 2665 imperitiam
984 2589 1227 2677 mensuramque

117 2680 216 2746 nostri
228 2702 292 2743 non
303 2681 447 2762 ignorare
458 2684 621 2747 sermonis.
630 2731 650 2763 „
690 2681 861 2747 Personam
871 2682 1014 2768 spiritum
1027 2688 1107 2769 esse,
1128 2694 1230 2773 figni-

117 2781 192 2847 ficat
212 2782 267 2846 lib.
281 2779 323 2847 11.
344 2794 376 2870 p.
393 2795 469 2851 5072
508 2781 629 2848 ”Unde
646 2781 799 2846 discentes
818 2786 1027 2868 operatricem
1045 2801 1094 2869 et,
1116 2794 1161 2857 ite
1176 2793 1230 2859 di-

118 2901 208 2961 cam,
236 2880 481 2949 distributricem
500 2896 646 2949 naturam
666 2884 792 2970 spiritus
811 2885 924 2964 sancti3
953 2907 1019 2951 non
1034 2892 1229 2963 abducamur

117 2983 161 3048 ab
179 2983 230 3046 his
254 2985 315 3071 qui
331 2982 438 3048 dicunt
461 2986 698 3072 operationem,
725 2996 758 3047 et
780 3006 845 3046 non
867 2986 1070 3055 substantiam
1085 2992 1148 3059 Dei
1166 3001 1230 3063 esse
1253 3032 1257 3041 ·

116 3083 264 3170 spiritum
275 3087 428 3151 sanctum
454 3148 457 3153 ,
476 3086 519 3150 Et
530 3107 572 3148 ex
588 3086 659 3149 aliis
673 3105 799 3171 quoque
813 3085 958 3171 plurimis
972 3089 1051 3163 Iocis
1065 3093 1230 3165 subsistens

117 3196 233 3251 natura
250 3182 487 3250 demonstratur
507 3188 633 3274 spiritus
657 3186 769 3266 sancti,
804 3197 841 3246 ut
859 3185 894 3247 in
912 3187 1077 3275 illoquod
1097 3200 1231 3282 apostoli

116 3284 257 3350 scribunt
275 3285 363 3367 (Act.
377 3287 453 3368 XV,
468 3293 540 3369 28):
567 3288 681 3351 Visum
696 3288 741 3348 est
756 3285 843 3347 enim
856 3287 979 3371 spiritui
995 3292 1100 3358 sancto
1115 3310 1148 3362 at
1165 3322 1232 3363 no..

117 3384 189 3464 bia,
209 3420 253 3434 ····
287 3386 360 3474 ‘luia
385 3387 447 3451 hoc
466 3385 553 3475 quod
574 3386 688 3450 dicitur
706 3386 809 3449 visum
829 3386 889 3465 est,
923 3410 990 3451 non
1009 3400 1231 3480 operationem

119 3484 290 3567 significat,
319 3484 374 3550 sed
393 3500 547 3552 naturam.
557 3534 578 3568 „
595 3542 598 3547 .
627 3486 692 3568 (Cs.
716 3485 757 3549 de
776 3484 981 3565 tr.l,1a,4a
1009 3506 1042 3557 et
1060 3503 1230 3587 praecipue

32 3644 37 3652 „
119 3603 153 3670 p.
169 3593 227 3663 63,
255 3586 312 3649 ubi
322 3585 482 3670 Didymus
497 3586 633 3651 laudatis
646 3588 752 3652 verbis
764 3587 895 3652 Zachar.
904 3589 963 3670 IV,
980 3604 998 3658 6
1021 3597 1082 3662 ait:
1115 3600 1231 3682 „Qui-

120 3685 183 3751 bus
198 3685 360 3754 inverbis
373 3686 609 3752 immorandum
631 3690 692 3770 est3
720 3709 793 3751 com
811 3690 898 3752 enim
917 3691 1078 3761 interdum
1096 3702 1232 3766 hetero-

32 3857 47 3887 ‘
117 3782 203 3872 ‘dexi
223 3786 385 3874 spiritum,
413 3790 523 3852 sruna
541 3808 615 3849 cum
637 3798 725 3874 patre
746 3803 1027 3871 commemoretur,
1056 3799 1232 3879 significare

119 3882 231 3962 dicant
258 3887 419 3974 quandam
445 3890 596 3952 virtutem
620 3911 685 3953 non
708 3888 923 3955 subsistentem
938 3930 984 3947 .-
1001 3885 1233 3971 ἀνυπόστατον

123 3977 264 4070 δύναμίν
282 4007 356 4053 τινα
370 4024 429 4069 -—,
457 3987 497 4052 ed
516 4011 628 4053 eorum
649 3988 805 4055 cavendas
825 3991 953 4057 infidias
973 3997 1060 4060 valet
1079 4000 1163 4064 illud
1178 4016 1232 4067 te-

123 4086 360 4173 mmonium’t)
409 4089 462 4159 Est
481 4102 588 4158 autem
604 4091 730 4180 spiritua
744 4094 956 4186 sanctus,(qui
968 4093 1104 4186 quidem
1120 4101 1185 4173 Dei
1196 4116 1229 4175 ot
