2572 4770
150 263 173 327 ⁷
178 264 199 327 6
381 292 389 315 ε
453 251 540 345 Cap.
568 254 618 321 ῙῙ.
673 249 956 321 Hermencutice.

123 480 126 485 -
149 432 269 497 ducere
279 435 424 519 repentia
437 445 471 496 et
483 432 626 494 volatilia
638 431 779 495 volantia
793 431 815 492 i.
830 451 858 493 e.
874 429 1082 508 cogitationes
1092 429 1200 493 bonas
1212 429 1267 492 rel

150 532 252 595 malas
269 536 412 618 proferre
433 536 468 595 ia
487 532 650 610 medium,
677 544 714 592 ut
727 529 873 592 discretio
887 534 943 592 liet
954 532 1114 593 bonorum
1127 550 1147 591 a
1162 529 1267 608 malis,

150 654 234 718 quae
256 636 364 718 utique
378 646 513 720 utraque
527 656 568 695 ex
581 630 674 695 corde
687 628 872 716 procedunt.
920 631 987 695 Nos
1006 629 1235 692 discernamus·
1246 652 1266 692 a

150 735 253 811 bono,
281 733 368 819 quod
385 736 508 797 malurn
529 738 589 811 est,
615 733 636 792 i.
652 754 679 795 e.
700 736 882 817 separemus
900 732 1022 792 anobis
1035 750 1090 808 ea,
1113 748 1198 815 quae
1213 732 1265 791 sn-

149 854 209 922 per
228 846 348 896 terram
370 846 485 920 repunt
506 846 539 895 et
555 844 698 895 terrenas
717 830 945 893 sollicitudines
965 841 1096 909 gerunt,
1117 831 1176 893 illa
1190 852 1263 894 vero

151 956 235 1021 qnae
259 936 393 996 meliora
417 938 488 996 strat
511 935 531 995 i.
553 954 581 995 e.
603 932 744 993 volatilia
763 933 902 993 sinamus
925 934 1034 992 rotare
1052 953 1119 993 uon
1139 944 1263 997 tanturn

151 1037 398 1120 superterram,
432 1033 486 1095 sed
506 1035 602 1095 etiam
622 1030 796 1094 secundum
816 1033 1053 1092 firmamentum
1074 1033 1186 1111 coeli„
1206 1048 1284 1099 etc·

151 1134 311 1201 Deinde
330 1132 433 1197 Exod.
451 1132 533 1212 I,15
555 1136 703 1213 leguntur
722 1134 818 1193 haec:
848 1130 940 1193 Dixit
958 1152 1016 1192 rex
1028 1130 1264 1217 Aegyptiorum

151 1236 370 1317 obstetricibus
384 1235 621 1296 Hebraeorum:
646 1282 653 1296 .
671 1281 679 1296 .
697 1220 778 1296 Curn
793 1232 1029 1294 obstetricabitis
1043 1232 1215 1313 Hebraeis,
1234 1248 1263 1298 et

151 1357 252 1424 prope
266 1346 394 1421 partum
405 1346 515 1410 erunt,
545 1333 744 1396 fimasculus
759 1333 872 1409 suerit,
895 1330 1028 1394 occidite
1040 1331 1152 1411 illum,
1173 1336 1263 1398 sise-

152 1437 253 1514 mina,
268 1436 439 1498 vivificate.
468 1433 533 1496 Sed
545 1436 596 1496 his
609 1431 791 1513 adjungitur
803 1433 837 1493 in
851 1433 1134 1519 consequentibusr
1155 1481 1163 1498 .
1178 1483 1188 1500 .
1201 1457 1263 1498 nnn

150 1539 315 1613 feceruut,
345 1536 423 1598 licut
445 1536 510 1597 illis
526 1546 729 1621 praeceperat
746 1554 805 1595 rex
825 1534 985 1619 Aegypti,
1012 1545 1045 1595 et
1064 1533 1264 1599 vivificabant

78 1692 81 1697 .
152 1637 363 1701 masculos.
408 1636 447 1700 In
463 1637 541 1697 haec
553 1638 649 1698 verba
657 1634 825 1715 Origenes,
839 1636 962 1696 sensum
977 1634 1138 1697 occultum
1152 1648 1186 1699 et
1197 1637 1262 1701 b.l.

151 1739 350 1827 potissunum
380 1739 536 1800 moralem
569 1733 741 1814 indagans,
784 1736 911 1813 (homil.
935 1734 978 1798 Π.
1006 1735 1040 1796 in
1067 1735 1173 1800 Exod.
1199 1740 1262 1804 rol.

151 1838 197 1917 II,
214 1845 287 1920 133)
302 1841 346 1901 ita
358 1850 608 1919 commentetur:
628 1835 689 1898 ”Si
706 1834 879 1898 secundum
890 1836 1038 1898 historiae
1052 1837 1264 1902 narrationem

153 1938 353 2027 suscipienda
377 1941 492 2015 essent,
527 1957 609 2023 quae
636 1938 747 2022 scripta
776 1940 864 2014 sunt,
898 1935 1026 1999 videtur
1048 1939 1109 2000 hoc
1130 1986 1164 2004 ..
1186 1942 1264 2002 stare

152 2061 220 2107 non
235 2043 332 2127 posse.
359 2039 433 2103 Non
445 2039 533 2101 eninr
544 2038 940 2104 inveniunturobstetrices
951 2060 1017 2099 non
1028 2039 1201 2104 vivificasse
1212 2040 1266 2102 se-

154 2144 276 2221 minas,
297 2163 375 2227 quas
389 2141 549 2225 praecepit
567 2160 626 2210 reor
639 2139 782 2226 Aegypti
794 2140 966 2203 vivificare.
1007 2140 1049 2203 Et
1062 2142 1087 2203 sr
1101 2162 1168 2204 non
1177 2144 1267 2204 fece-

153 2256 230 2309 runt
242 2243 439 2317 obstetrices,
460 2241 538 2304 ficnt
552 2259 609 2299 rex
621 2252 840 2324 praeceperat,
861 2239 1037 2303 debuerant
1049 2242 1180 2326 ntique,
1191 2244 1266 2305 ficut

154 2345 314 2407 masculos
328 2341 532 2403 vivificabant
546 2349 654 2401 contra
665 2352 872 2425 praeceptum
885 2342 983 2422 regis,
1005 2343 1050 2403 ita
1062 2344 1202 2419 feminas
1213 2366 1266 2407 oc-

154 2442 278 2522 cidere,
308 2454 395 2503 utet
415 2442 476 2501 hoc
494 2440 569 2501 esset
584 2451 691 2500 contra
706 2454 909 2528 praeceptum
921 2443 1014 2521 regis.
1034 2492 1041 2508 .
1060 2490 1068 2507 .
1110 2443 1201 2507 Haec
1213 2446 1268 2507 in-

153 2545 250 2607 terim
271 2554 400 2628 propter
419 2561 491 2618 eos,
520 2541 575 2625 qui
589 2541 766 2614 amicisnnt
782 2543 892 2604 literae
905 2555 937 2605 et
953 2565 1018 2605 non
1031 2555 1147 2628 putant
1162 2548 1268 2627 legem

152 2644 327 2731 spiritalem
356 2643 419 2703 esse
445 2652 478 2701 et
496 2641 675 2725 spiritaliter
701 2642 951 2723 intelligendam.
990 2640 1074 2733 ¹'Sed
1100 2665 1179 2723 nos,
1215 2645 1269 2731 qui

153 2747 280 2822 omnia,
303 2762 384 2828 quae
398 2743 510 2828 scripta
523 2744 610 2818 scrut,
636 2763 701 2804 non
715 2767 772 2826 pro
788 2744 1019 2806 narrationibus
1031 2745 1269 2829 antiquitatum,

152 2845 209 2923 sed
231 2867 290 2931 pro
312 2840 473 2928 disciplina
493 2855 525 2904 et
544 2844 680 2905 utilitate
702 2847 806 2909 nostra
834 2842 1003 2906 didicimus
1028 2846 1159 2931 scripta,
1189 2848 1268 2911 haee

153 2967 236 3033 quae
260 2947 410 3024 leguntur
438 2943 536 3012 etiam
567 2965 652 3006 nunc
677 2947 747 3008 lieri
771 2968 836 3008 non
862 2949 963 3008 solum
987 2947 1021 3009 in
1049 2947 1111 3008 hoc
1134 2947 1267 3027 mundo,

152 3049 210 3132 qui
228 3046 396 3129 Aegyptus
413 3044 588 3123 figuraliter
615 3043 747 3123 dicitur,
782 3046 837 3109 sed
857 3049 892 3110 in
911 3068 1105 3133 unoquoque
1128 3051 1268 3113 nostrum

150 3143 459 3231 deprehendimus..
477 3193 485 3209 .
537 3144 641 3231 Saepe
661 3144 873 3228 ostendimus,
901 3147 986 3234 quod
999 3150 1034 3210 in
1048 3148 1182 3212 feminis
1196 3172 1268 3213 caro

150 3258 185 3313 et
206 3247 337 3309 effectus
360 3245 461 3308 carnis
481 3244 678 3325 defiguntur,
704 3247 755 3310 vir
777 3262 885 3312 autem
902 3250 1099 3313 rafionabilis
1117 3252 1269 3313 sensuset

147 3347 376 3417 intellectualis
396 3347 435 3409 lit
454 3345 591 3432 spiritus.
650 3345 785 3411 Sensum
808 3363 917 3412 autem
936 3351 1180 3430 rationabilem,
1214 3350 1266 3437 qni

148 3453 243 3541 potes
243 3462 254 3511 t
266 3448 410 3511 coelestia
422 3449 542 3532 sapere,
563 3496 572 3512 .
589 3496 596 3513 .
612 3495 620 3515 .
636 3447 705 3511 odit
717 3450 840 3515 l'harao
854 3472 923 3529 rex,
945 3497 975 3516 ,.
990 3452 1078 3514 hune
1088 3452 1197 3515 necari
1209 3472 1266 3515 crr-

148 3552 200 3640 pit
212 3564 244 3614 et
256 3548 406 3612 interimi.
422 3594 430 3612 .
479 3548 561 3612 Cum
575 3570 651 3628 ergo
665 3548 785 3614 videris
796 3552 944 3615 homines
958 3552 992 3614 in
1005 3553 1226 3639 voluptatibus
1236 3562 1265 3615 st

149 3650 275 3745 deliciis
286 3651 386 3713 vitam
400 3647 517 3711 ducere
540 3697 548 3716 .
568 3698 575 3715 .
598 3651 690 3730 scias,
719 3651 855 3737 quadiu
873 3652 938 3717 istis
950 3671 1008 3718 rex
1019 3652 1168 3741 Aegypti
1180 3654 1265 3717 msa'-

150 3754 241 3819 culos
253 3763 344 3813 necat
357 3762 389 3815 et
400 3748 542 3810 vivificat
552 3748 701 3815 feminas.
711 3801 731 3829 „
842 3796 845 3803 -

148 3938 153 3945 η
236 3850 355 3917 Sensus
373 3851 573 3938 spiritalis
592 3853 672 3915 haec
690 3853 753 3915 sint
769 3856 934 3940 exemplar
962 3855 1138 3919 Historiam
1151 3853 1263 3921 Aloros

146 3952 316 4040 ‚quomodo
328 3953 497 4033 allegorice
508 3952 736 4039 interpretatus
748 3957 787 4019 srt
798 3955 971 4038 Origenes,
990 3958 1075 4020 insra
1088 3956 1265 4022 ridebimus

151 4051 189 4119 in
202 4052 403 4139 exponendis
419 4052 570 4134 Origenis
583 4055 748 4119 sententiis
767 4055 809 4118 de
824 4070 961 4142 peccato.
1010 4058 1190 4137 uomitu,
1205 4070 1223 4124 3
1236 4058 1266 4120 ir

156 4152 273 4221 (iones.
282 4157 348 4220 rol.
362 4153 408 4237 H,
418 4165 459 4223 63
475 4157 538 4242 sqq.
552 4156 695 4241 exposite
709 4156 837 4225 historia
851 4156 966 4228 dilurii
978 4170 1011 4225 et
1023 4159 1176 4249 descripta
1189 4182 1267 4225 cert·
