2572 4770
783 70 792 99 t

410 301 566 376 Clemens
598 304 884 404 (Cdrtstn'loffl’a).
1034 380 1049 446 Ι
1128 319 1210 395 ης,
1271 388 1278 400 .

84 488 152 566 ἦρι
173 478 233 570 'qni
256 477 369 548 occidit
390 505 433 548 ex
456 484 616 572 paradiso,
648 493 751 571 mnjua
782 480 982 560 obedientiae
1009 496 1201 588 praemium·

87 585 218 649 coelum
236 585 376 669 accipit'’
392 586 439 666 i⁶⁸).

89 741 291 771 unq-n·—

123 850 154 921 0)
171 849 215 904 Na
228 849 321 920 ipsam
332 850 539 906 tractationem
552 854 678 911 noltram
692 856 953 929 interrumpamus,
975 859 1006 913 b.
1020 860 1039 914 1.
1056 836 1130 933 quea
1151 861 1198 917 de

157 935 339 991 descensu
364 938 498 994 chriti
525 940 567 993 ad
591 940 743 996 inferne
763 944 899 997 Clemens
916 946 1120 1002 memorabilia
1137 947 1197 1003 lna-¹

155 1021 224 1089 bet,
244 1021 419 1078 inducimur.
454 1026 503 1078 Ait
521 1026 600 1078 enim
615 1026 671 1079 Str.
687 1029 736 1096 VI,
752 1027 779 1095 6,
792 1028 844 1081 762
858 1031 937 1101 [ηιμ
967 1069 988 1099 ,,
998 1033 1037 1085 lie
1053 1033 1196 1102 (homini-

156 1104 230 1176 buc,
247 1108 297 1180 qui
312 1119 379 1163 ante
394 1110 539 1164 Christum
552 1111 714 1180 vixerant),
731 1113 784 1185 qui
798 1104 881 1166 erant
892 1094 963 1181 insti
970 1135 1005 1170 ex
1018 1117 1097 1189 lege,
1120 1118 1195 1173 r'idaa

156 1195 267 1250 deerat.
283 1233 314 1248 ..
349 1198 387 1250 lin
404 1205 520 1265 autern,
547 1200 597 1268 qui
618 1208 703 1252 erant
719 1199 783 1265 initi
802 1214 837 1250 er
852 1198 1049 1270 philosophia,
1070 1220 1129 1275 non
1145 1206 1195 1258 l'c·

154 1283 217 1338 lum
230 1298 301 1352 opue
316 1291 379 1334 erat
393 1281 449 1335 fide
461 1283 492 1334 in
506 1282 672 1354 dominum,
691 1286 739 1340 sed
754 1282 843 1336 etiem
856 1293 889 1337 ut
904 1284 1086 1341 discederent
1100 1304 1118 1342 ι
1131 1288 1196 1345 cul·

153 1379 193 1425 tu
208 1369 437 1423 fimulacrcrum.
480 1373 616 1430 Jamvero
636 1372 765 1425 revalata
783 1370 825 1423 eie
842 1369 983 1441 raritate,
1006 1373 1059 1444 ipfi
1078 1390 1195 1446 quoquc

85 1437 91 1465 ⁸
152 1456 338 1530 poenitentia
355 1455 434 1508 ducti
447 1456 515 1512 funt
526 1466 646 1528 prepter
658 1475 710 1525 ea,
726 1474 800 1529 quae
814 1457 956 1513 fecerant.
993 1460 1202 1529 Quamobrem.

154 1542 336 1615 praedicavit
356 1541 490 1597 dominun
512 1542 549 1597 iit
573 1560 707 1615 quoque,
741 1544 792 1615 qui
815 1554 899 1600 erant
919 1543 995 1615 apud
1015 1544 1137 1599 inferar.
1154 1581 1163 1601 .
1180 1579 1192 1603 .

155 1629 228 1701 Quis
244 1632 330 1685 ianae
346 1626 451 1682 mentir
464 1638 493 1680 et
504 1629 641 1695 justornm
657 1639 687 1681 et
698 1638 887 1698 peccatorum
899 1632 1012 1685 animae
1027 1631 1082 1683 elie
1098 1629 1195 1684 exiti·

152 1714 279 1770 mererit
296 1715 328 1767 in
345 1730 405 1768 una
424 1714 667 1767 condemnatione
681 1715 853 1786 injustitiae,
875 1716 1032 1784 injustitiae
1045 1708 1199 1770 maculam

151 1804 272 1857 inurent
290 1799 512 1870 providentiae?
545 1801 622 1872 Quid
640 1816 724 1867 vero,
748 1818 845 1854 annon
859 1802 1023 1872 significant
1041 1801 1190 1856 dominum
1225 1801 1231 1811 ⁹

152 1870 341 1942 annunciaffa
364 1885 547 1956 evangelium
566 1896 596 1939 et
612 1887 666 1953 iis,
689 1887 738 1956 qui
753 1887 902 1954 perierant
913 1888 945 1940 in
960 1888 1066 1940 diluvio
1080 1888 1126 1941 rel
1137 1903 1192 1959 po·

150 1971 319 2030 convincti
339 1971 471 2038 fuerant,
505 1980 536 2024 et
554 1973 609 2040 iic,
637 1973 688 2043 qui
708 1974 739 2025 in
755 1971 897 2042 praesidio
916 1973 1139 2026 continebantur
1159 1981 1192 2028 at

150 2059 300 2117 custodia?
315 2057 479 2127 *Ostentum
496 2059 535 2111 ott
549 2067 648 2114 autem
666 2060 698 2110 in
714 2056 839 2111 secundo
854 2059 1002 2114 stromate
1021 2058 1092 2126 (Str.
1107 2059 1146 2125 11,
1158 2059 1189 2128 9,

148 2147 232 2216 452),
252 2144 393 2217 epoItoloe
409 2144 446 2196 ad
457 2145 544 2198 instar
556 2144 669 2198 domini
680 2144 717 2198 iir
729 2160 861 2216 qnoque,
887 2143 937 2214 qui
954 2152 1037 2196 erant
1050 2142 1129 2213 epnd
1140 2143 1190 2196 in·

149 2235 248 2302 feror,
271 2231 457 2284 annunciasse
476 2233 667 2302 evangelium.
705 2231 866 2300 Oportebat
885 2230 980 2296 enim,
1000 2236 1032 2280 ut
1047 2228 1188 2297 existimo,

150 2320 225 2373 licut
246 2317 312 2386 bic,
344 2318 388 2371 ita
411 2316 473 2369 illio
493 2333 625 2388 quoque,
658 2316 784 2386 optimos
808 2315 960 2386 discipulos
981 2317 1037 2369 elie
1057 2315 1189 2388 magistri

149 2404 328 2473 inritatorac,
360 2412 394 2456 nt
416 2419 490 2456 unue
521 2402 638 2473 quidem
659 2420 711 2456 eor
726 2406 777 2475 qui
797 2413 883 2458 erant
903 2421 938 2458 ex
955 2403 1112 2469 Hebraeis,
1140 2399 1189 2455 illi
1261 2434 1265 2439 -

149 2510 221 2547 vero
240 2500 339 2562 genter
360 2489 397 2542 ad
416 2487 631 2542 converfionam
649 2489 839 2563 deducerent,
862 2490 919 2545 hoc
938 2490 976 2543 est
993 2505 1060 2555 ecs,
1083 2486 1135 2559 qui
1151 2487 1187 2542 in

135 2578 256 2655 justitia
274 2592 348 2647 quae
367 2575 407 2628 eii
425 2591 460 2628 er
479 2574 542 2646 lega
556 2585 586 2628 et
597 2593 632 2629 er
643 2576 824 2646 philosophia
837 2577 969 2629 vixerant
983 2574 1118 2645 quidem,
1135 2573 1187 2628 ied
1217 2640 1224 2651 ,

149 2654 212 2722 noti
230 2663 376 2735 periente,
405 2677 507 2714 verum
528 2678 594 2715 cum
615 2680 713 2716 errore
731 2672 761 2717 et
779 2663 959 2733 proiapfiona
978 2663 1071 2714 vitant
1089 2669 1188 2713 tranr-

150 2760 281 2823 egerant.
308 2748 371 2801 Hoc
386 2746 465 2799 enim
478 2746 607 2802 divinum
622 2749 743 2802 decebat
754 2749 904 2803 consilium
916 2758 946 2802 et
958 2746 1184 2818 providentiam,

148 2848 182 2894 ut
202 2837 254 2909 qui
271 2835 304 2889 in
320 2832 427 2901 justitia
445 2833 589 2899 majorem
607 2834 736 2890 habuere
757 2835 929 2906 dignitatem
949 2841 979 2885 et
995 2849 1065 2903 pree
1080 2829 1188 2884 ceterie

146 2924 268 2996 egregie
280 2920 429 2989 vixerunt,
449 2927 589 2972 eteorum
600 2937 675 2989 qnae
692 2929 847 2989 peccarant
861 2921 940 2974 ducti
954 2920 1020 2972 iunt
1035 2916 1188 2986 poeniten·

147 3013 208 3080 tia,
232 3006 344 3062 etiamfi
357 3006 416 3058 unt
429 3006 463 3058 in
481 3004 540 3057 elio
558 3003 642 3073 loco,
658 3023 736 3059 ‚cunr
751 3014 833 3058 extra
845 3005 1069 3059 controversiam
1083 3004 1138 3057 [int
1150 3003 1184 3058 in

147 3112 250 3154 eorum
273 3108 396 3147 numero
421 3090 473 3161 qui
496 3091 563 3144 funt
583 3089 639 3143 Dei
660 3090 883 3161 omnipotentia,
914 3093 988 3150 iclvi
1007 3091 1113 3145 fierent
1131 3105 1183 3161 per

146 3183 297 3256 propriam
323 3181 549 3249 uniurcujurque
577 3177 786 3246 cognitionem.
808 3216 844 3235 ..
901 3179 936 3232 Si·
954 3193 1021 3248 ergo
1048 3178 1183 3233 dominu·

146 3270 227 3325 nulla
243 3267 302 3321 alia
317 3267 353 3318 de
367 3268 454 3319 causa
473 3264 622 3317 descendit
636 3263 673 3315 ad
691 3264 817 3332 inseror,
842 3281 931 3334 quam
944 3274 977 3318 ut
991 3263 1184 3318 annunciaret

147 3354 348 3425 evangelium,
369 3351 443 3403 licut
463 3359 542 3402 certe
562 3350 727 3418 descendit,
753 3359 803 3402 aut
817 3350 965 3404 descendit
978 3349 1184 3404 utannnncia-

55 3440 59 3444 ’
143 3451 193 3496 ret
210 3440 360 3507 omnibns,
393 3446 444 3490 aut
463 3436 694 3490 folicHebraeie.
740 3436 832 3506 Atque
853 3435 876 3487 fi
896 3422 1180 3506 omnibur'quidem,

144 3526 217 3584 iniri
242 3534 327 3577 erunt
353 3540 452 3576 omnen
476 3522 526 3591 qui
548 3522 742 3587 crediderint,
773 3521 884 3575 etiarnsi
902 3522 957 3574 [int
976 3539 1011 3575 ex
1034 3521 1179 3591 gentibue,

144 3623 215 3668 cunt
232 3612 292 3683 iam
311 3611 373 3664 iilic
395 3607 514 3661 contem
532 3609 651 3662 inerint.
667 3645 698 3661 ..
735 3608 785 3660 Sin
807 3617 904 3662 antem
922 3608 1046 3662 Christus
1063 3604 1182 3659 inducie

132 3698 238 3757 'tolum
255 3696 442 3750 annunciavit
460 3693 662 3763 evangelium,
687 3694 791 3761 quibus
805 3695 897 3749 defuit
910 3713 963 3763 ca,
989 3709 1062 3765 quea
1074 3691 1113 3743 est
1125 3697 1181 3760 par

100 3814 113 3823 ·
143 3787 324 3842 tentatorem
339 3783 448 3855 agnitio
463 3791 493 3833 et
507 3779 593 3850 fider,
612 3782 723 3833 clarum
736 3783 774 3834 eli
787 3783 904 3853 utique,
924 3797 989 3833 cnm
1001 3777 1181 3848 apudDaum

141 3873 239 3927 nullut
257 3872 293 3924 fit
311 3870 499 3940 personarum
517 3870 681 3938 respectui,
711 3869 850 3938 apostolos
871 3883 1001 3939 quoque,
1025 3864 1098 3915 ficut
1117 3859 1179 3929 hia,

144 3959 188 4013 ita
211 3960 301 4011 etiam
322 3957 398 4022 iilic,
429 3954 616 4006 annuntiasse
636 3955 818 4025 evangelium
835 3956 888 4021 iia,
923 3952 972 4022 qui
993 3967 1027 4001 ex
1046 3946 1179 4016 gentibue

111 4048 113 4052 ⁴
145 4053 231 4115 erant
250 4043 312 4113 epti
330 4043 366 4094 ad
385 4040 682 4105 cenverfionem...,
724 4047 859 4096 Jamvero
878 4041 909 4091 in
930 4037 1008 4090 Petri
1025 4031 1180 4103 praedica·

84 4152 88 4159 ·
141 4131 225 4185 tione
237 4131 309 4184 dicit
325 4129 458 4182 dominun
472 4127 510 4180 ad
522 4127 674 4199 discipulo:
688 4121 751 4196 post'
761 4125 1014 4186 resurrectionem,
1035 4157 1056 4186 ‚‚
1067 4118 1180 4189 „Elegi

142 4233 196 4273 roe
215 4220 271 4276 xli
295 4217 468 4292 discipulos,
496 4215 629 4284 iudicant
647 4215 703 4269 elia
725 4231 773 4269 nce
791 4208 963 4285 dignor,'’·”
993 4223 1066 4303 qum
1087 4205 1180 4263 voluit

1171 4472 1223 4500 Δ
