2572 4770
56 304 62 319 '
124 313 198 383 242
447 305 533 396 Cap.
560 302 630 373 ΙΙΙ.
681 264 911 394 Dogmnti'cii.

120 511 195 557 ram
209 509 281 551 cunr
295 510 353 574 pro
367 487 459 550 liberi
472 484 591 550 arbitrii
606 485 755 547 facultate
768 485 903 547 varietas
917 502 1185 570 unumquemque
1203 502 1239 545 iic

121 591 287 655 diversitas
308 588 465 649 habuisset
485 587 698 675 animorum„
714 597 750 647 nt
769 586 851 648 alins
863 583 1060 663 ardentiore,
1084 585 1169 646 alius
1184 596 1239 645 te-

123 692 238 756 nuiore
259 701 291 751 et
310 687 443 751 exiliore
465 709 537 768 erga
559 700 721 750 auctorem
744 689 836 749 sunm
851 706 959 749 amore
974 698 1158 763 teneretur,
1184 684 1238 746 illa

120 792 246 868 anima,
273 788 315 852 de
334 808 396 874 qua
417 786 497 850 dixit
512 787 600 851 Jesus
620 790 706 868 (Joh.
720 788 765 868 Χ,
782 793 853 869 18),
879 788 952 874 quia
965 807 1062 849 nemo
1080 788 1237 848 auferets

120 913 177 957 me
189 891 331 955 animam
345 910 469 968 meam,
497 892 536 952 ab
555 891 647 952 initio
669 904 829 954 creaturae
850 903 883 952 et
905 887 1055 972 deinceps
1072 887 1238 973 insepara-

119 993 230 1059 hiliter
241 991 271 1052 ei
288 1001 381 1077 atque
396 982 867 1071 indissociabiliterinhaerens,
893 1003 1006 1077 utpote
1018 988 1193 1074 sapientiae
1208 998 1237 1050 et

119 1096 221 1159 verbo
242 1092 305 1155 Dei
328 1103 360 1153 et
378 1092 505 1152 veritati
526 1112 561 1152 ac
580 1092 643 1153 luci
664 1112 776 1171 verae,
805 1105 837 1155 et
858 1102 925 1154 tota
946 1104 1049 1154 totum
1067 1089 1236 1175 recipiens,

121 1208 219 1281 atque
234 1195 269 1253 in
284 1194 351 1270 ejus
365 1194 469 1253 lurein
484 1191 748 1279 splendoremque
761 1194 826 1279 ipsa
841 1191 975 1269 cedens,
1002 1193 1087 1252 sacta
1099 1192 1147 1252 est
1166 1210 1236 1251 cnm

121 1295 190 1382 ipso
202 1293 419 1380 principaliter
433 1313 516 1353 unus
531 1293 673 1377 spiritns,
694 1295 773 1357 ficut
788 1305 822 1357 et
836 1294 995 1379 apostolus
1011 1293 1080 1369 his,
1097 1291 1154 1377 qui
1166 1310 1236 1353 eain

121 1394 242 1458 imitari
256 1391 426 1470 deberent,
448 1392 620 1477 promittit,
644 1394 734 1480 quia,
748 1395 847 1478 quise
861 1394 963 1479 jungit
978 1386 1129 1469 dbmino,
1155 1411 1238 1453 unns

121 1494 250 1582 spiritus
271 1494 316 1554 est
341 1497 373 1572 (t
391 1494 461 1555 Gor.
476 1492 534 1570 Vl,
555 1500 618 1574 17).
629 1546 649 1576 ,‚
699 1492 822 1577 ”Quod
837 1508 945 1557 antem
957 1492 1074 1578 (depr.
1087 1493 1110 1555 l.
1125 1493 1148 1557 l.
1166 1497 1189 1578 l
1209 1499 1236 1565 s.

121 1614 206 1683 quae
218 1598 315 1656 rerba
330 1595 427 1656 etiam
443 1612 553 1672 graece
567 1594 671 1658 adhuc
685 1599 824 1673 exstant,
837 1597 893 1657 ubi
906 1596 940 1657 in
954 1592 1092 1657 eandem
1105 1595 1237 1655 senten-

122 1698 202 1759 tiam
216 1693 367 1772 redeunt,
382 1695 482 1778 polito
497 1705 604 1758 tamen
620 1698 685 1782 ipso
694 1696 815 1760 Christo
833 1718 890 1783 pro
905 1698 1011 1758 anima
1023 1686 1142 1779 ipsinsj
1152 1693 1239 1755 dile-

123 1796 237 1860 ctionis
254 1797 406 1882 perfectio
421 1807 452 1856 et
465 1797 571 1858 meriti
585 1798 716 1859 allectus
729 1799 890 1860 sinceritas
900 1799 931 1859 ei
944 1799 1026 1858 hanc
1039 1796 1238 1880 inseparabi-

121 1900 189 1960 lem
208 1918 281 1970 cnni
298 1898 368 1960 Deo
382 1899 492 1960 iecerit
508 1900 681 1978 unitatem,
711 1900 756 1961 ita
773 1912 806 1961 ut
819 1921 885 1961 non
897 1899 1027 1960 fortuita
1042 1898 1157 1976 suerit,
1183 1906 1238 1959 ant

55 2014 58 2019 '
121 2019 197 2063 eum
210 2002 361 2084 personae
376 2000 559 2083 acceptione
574 2000 700 2063 animae
716 2003 784 2079 ejus
803 2001 987 2084 assumptio,
1015 1996 1069 2060 sed
1081 1997 1238 2061 virtutum

122 2094 251 2164 sitarum
265 2100 294 2160 ei
307 2103 421 2162 merito
439 2099 553 2180 delata,
568 2100 642 2163 audi
658 2099 698 2163 ad
714 2123 785 2163 eain
796 2103 986 2188 prophetam
1001 2099 1161 2163 dicentem
1174 2098 1236 2179 (I's.

118 2200 231 2281 XLV,
249 2206 293 2280 8).
310 2250 342 2263 ..
387 2200 575 2265 Dilectiouis
600 2224 674 2283 ei·go
700 2205 817 2266 merito
842 2202 971 2281 ungitur
989 2202 1062 2263 oleo
1084 2200 1237 2278 laetitias,

14 2373 18 2382 Ι
118 2300 156 2365 id
175 2304 224 2362 est
242 2303 348 2362 anima
370 2301 484 2364 Christi
507 2324 578 2363 cain
600 2306 697 2366 verbo
720 2303 783 2366 Dei
803 2303 943 2366 Christus
961 2298 1105 2364 efficitur.
1153 2300 1238 2382 Ungi

120 2423 261 2487 namque
293 2406 365 2463 oleo
398 2401 537 2462 laetitiae
570 2424 634 2464 non
661 2401 749 2464 alind
772 2404 977 2482 intelligitur,
1010 2423 1108 2488 quam
1126 2404 1236 2490 spiritu

120 2505 226 2567 sancto
237 2502 363 2585 repleri.
387 2498 484 2580 Quod
496 2514 603 2563 autern
620 2504 970 2589 „praeparticipibus„
984 2502 1067 2567 dixit
1076 2505 1141 2584 (t‘i.
1152 2506 1174 2569 l.
1188 2507 1237 2585 l),

119 2602 242 2667 iudicat
261 2602 334 2687 qnia
352 2624 417 2662 non
432 2602 530 2681 gratia
543 2599 670 2685 spiritus
686 2602 764 2664 ficut
777 2606 942 2690 prophetis
958 2607 990 2668 ei
1002 2605 1075 2670 data
1089 2608 1152 2685 est,
1181 2604 1238 2671 sed

121 2704 221 2789 ipsius
237 2700 327 2763 verbi
339 2700 404 2765 Dei
420 2702 455 2762 in
474 2721 511 2762 ea
524 2701 732 2765 substantialis
747 2703 849 2765 iuerat
864 2705 1042 2790 plenitudo.
1052 2757 1072 2788 „
1114 2708 1181 2791 (Gi
1196 2706 1238 2771 de

23 2796 26 2801 ’
118 2805 220 2891 princ.
234 2802 293 2880 lv,
310 2813 358 2868 st.
380 2824 412 2887 p.
430 2814 505 2880 191,
529 2803 583 2866 nbi
597 2804 676 2867 haec
687 2804 838 2885 leguntur
851 2811 966 2871 rerba:
987 2808 1102 2873 ”Haec
1117 2811 1237 2890 anima,

118 2924 202 2991 qnae
220 2904 284 2965 snit
297 2905 332 2965 in
345 2902 434 2980 Jesu,
463 2902 650 2990 prinsquam
664 2905 754 2968 sciret
766 2910 903 2987 malum,
930 2910 1027 2990 elegit
1039 2894 1181 2992 bonum,
1204 2924 1237 2977 et

117 3004 196 3089 quia
211 3002 324 3064 dilexit
338 3003 488 3082 justitiam
506 3015 539 3066 et
555 3004 622 3068 odit
636 3006 855 3093 iniquitatem,
874 3021 1042 3096 propterea
1054 3013 1149 3075 unxit
1162 3034 1237 3079 enm

117 3101 210 3167 Deus
230 3104 303 3164 oleo
319 3104 458 3165 laetitiae
474 3124 551 3189 prae
566 3108 771 3193 participibus
786 3110 857 3173 suis.
905 3109 989 3175 Oleo
1005 3132 1080 3193 ergo
1093 3112 1237 3178 laetitiae

117 3203 266 3286 ungitur,
301 3225 373 3265 cuin
397 3194 580 3268 verho'Dei
605 3208 809 3274 immaculata
827 3210 1046 3276 foederatione
1066 3217 1236 3295 conjuncta

63 3292 67 3303 ¹
115 3307 199 3384 εἴη
212 3314 245 3367 et
265 3325 324 3389 per
345 3307 405 3366 hoc
429 3307 494 3367 sola
513 3309 658 3372 omniurn
676 3312 855 3375 animarum
872 3315 994 3399 peccati
1009 3313 1148 3402 incapax
1159 3318 1235 3398 sirit,

117 3408 194 3495 qnia
217 3407 276 3469 filii
290 3404 353 3468 Dei
371 3407 452 3468 bene
472 3417 504 3468 et
518 3407 614 3491 plene
628 3432 728 3496 capax
741 3410 819 3492 suit,
846 3410 985 3498 ideoque
1000 3426 1032 3477 et
1044 3438 1146 3479 unum
1162 3438 1237 3485 cnm

115 3508 185 3594 ipso
209 3509 255 3570 est
279 3518 375 3591 atque
401 3509 471 3584 ejus
490 3512 654 3574 vocabulis
674 3526 892 3598 nuncupatur,
927 3527 961 3577 et
981 3515 1071 3578 Jesns
1090 3514 1236 3581 Christus

114 3609 313 3695 appellatur,
328 3627 387 3700 per
401 3628 498 3690 quein
512 3613 618 3674 omnia
635 3616 716 3675 sacta
728 3614 792 3677 esse
806 3611 962 3679 dicuntur.
972 3620 1008 3695 „)
1049 3614 1178 3682 Ibidem
1191 3618 1236 3699 ΙΙ,

117 3722 149 3789 6,
167 3721 194 3776 5.
208 3722 235 3777 6.
252 3732 283 3795 p.
294 3721 352 3775 91:
376 3709 519 3771 ”Anima
531 3712 689 3792 Christi,‚,
712 3712 820 3794 0.ait‚·
837 3716 907 3778 ’'ita
919 3718 1016 3797 elegit
1027 3715 1165 3799 diligere
1179 3724 1236 3799 jn·

115 3811 248 3889 stitiam,
281 3821 314 3871 iit
334 3831 390 3894 pro
413 3810 626 3877 immensitate
645 3814 823 3879 dilectionis
842 3816 1127 3882 inconvertibiliter
1145 3822 1178 3882 ei
1202 3832 1235 3885 et

115 3909 366 3997 inseparabiliter
387 3911 585 3992 inhaereret,
613 3915 657 3976 ita
678 3928 713 3977 ut
733 3918 885 4003 propositi
904 3920 1038 3981 sirmitas
1054 3931 1087 3980 et
1099 3921 1235 3985 affectus

113 4010 309 4075 immensitas
327 4023 359 4074 et
380 4009 558 4075 dilectionis
580 4016 844 4097 inexstinguibilis
861 4022 946 4083 calor
959 4038 1090 4085 omnem
1106 4022 1233 4086 sensum

115 4113 329 4207 conversionis
345 4123 440 4203 atque
455 4114 686 4180 immutationis
701 4119 912 4199 abscinderet,
940 4132 973 4183 et
990 4098 1075 4207 qudd
1093 4119 1128 4183 ih
1140 4123 1232 4185 arhi-

111 4208 176 4273 tito
195 4222 262 4272 erat
283 4212 436 4295 pothoni,
463 4216 550 4298 longi
570 4222 643 4283 asiis
663 4220 776 4285 assecta
793 4223 860 4302 jain
877 4222 1004 4287 versum
1023 4222 1115 4288 litia
1131 4234 1236 4288 natu⁴

107 4524 121 4567 Ι
