2572 4770
536 228 705 343 Oripmea
881 358 884 367 Ι
1124 255 1175 324 ss

58 427 237 499 homxll.
250 428 370 496 inLuc.
387 432 451 495 vol.
464 429 525 512 111,
540 441 600 500 945
613 434 669 496 sub
682 433 867 518 pastoribus,
882 431 998 518 quibua
1013 424 1177 513 (Locris)

59 545 151 599 ortua
166 532 282 605 ¹Christi
296 535 336 609 ab
350 534 464 614 angelo
480 536 691 597 annunciatus
706 536 768 612 est,
792 556 834 597 ex
852 535 1034 598 ”sacratiori
1049 534 1178 597 intelli-

60 637 170 716 gentia
181 682 200 711 ,‚
220 616 351 713 angelos
365 637 533 716 intelligit,
562 648 666 698 terrae
682 633 835 698 custodes.
882 633 937 696 Ad
952 634 1032 698 Luc.
1044 633 1107 711 Ill,
1124 647 1174 702 tt.

59 732 292 798 tromxxtll.
313 738 349 797 in
368 736 448 801 Luc.
471 736 686 815 volusian
705 737 784 798 haec
804 737 900 799 verba
919 736 1010 799 sacit:
1032 737 1131 799 ”Hoc
1143 747 1176 800 et

60 839 155 916 juxta
169 835 344 921 simplicem
359 837 604 917 intelligentiam
625 836 718 899 docet
735 839 920 922 publicanos
940 838 1022 899 nihil
1036 837 1176 923 ampliu}

61 958 234 1024 quaerere,
253 958 349 1022 quam
363 939 397 998 in
410 939 481 1017 lege
495 951 700 1024 praeceptum
716 940 771 1000 est.
813 938 923 1003 Nescio
936 951 1042 1001 autem
1054 951 1175 1019 utrum,-

60 1053 98 1103 ut
123 1037 303 1102 secundum
327 1029 513 1123 ἀναγωγὴν,
548 1039 635 1101 atiud
663 1037 815 1123 quiddam
842 1040 1051 1103 excellentius
1072 1042 1176 1106 sermo

58 1140 276 1221 significet...
327 1140 409 1205 Cum
435 1142 608 1203 exierimus
634 1161 652 1201 a
670 1141 795 1217 seculo,
830 1152 863 1202 et
883 1140 962 1202 haec
985 1134 1052 1201 uita
1071 1142 1177 1205 noma

59 1243 160 1307 suerit
172 1255 382 1319 commutata,
397 1255 490 1304 erunt
503 1240 633 1328 quidam
645 1241 678 1302 in
694 1242 810 1303 finibus
824 1238 938 1302 mundi
955 1239 1101 1303 sedentes
1111 1258 1178 1305 vo-

60 1343 111 1406 lut
133 1346 376 1428 publicanorum
398 1341 501 1404 officio
523 1343 755 1423 diligentisfune
775 1343 1022 1426 perscrutantes,
1043 1337 1178 1428 nequid

61 1443 112 1506 sui
132 1443 166 1505 in
187 1446 279 1506 uobis
300 1445 475 1507 inveniant.
533 1442 672 1505 Videtur
693 1444 775 1504 milri
799 1445 947 1528 princeps
965 1444 1061 1505 seculi
1079 1444 1177 1522 huju·

62 1544 154 1627 quasi
173 1546 361 1629 publicanus
381 1549 484 1624 esse„
534 1543 658 1608 Corum.
677 1545 710 1605 in
723 1544 795 1607 Juh.
809 1545 871 1605 vol.
887 1541 945 1622 lV,
963 1557 1020 1610 185
1034 1546 1098 1631 sqq.
1113 1556 1176 1615 ato

61 1643 190 1708 dubitat
197 1644 362 1726 Origenes,
377 1649 482 1709 locum
496 1645 535 1709 de
543 1645 614 1709 Jesu
623 1658 851 1709 mercatoreset
865 1659 1076 1730 emptoreaex
1088 1660 1178 1713 tem·-

61 1749 119 1834 plo
133 1750 317 1832 expellente
330 1747 369 1808 ad
382 1749 524 1825 literam,
546 1770 586 1810 an
600 1748 780 1833 spiritaliter
792 1749 1024 1832 interpretetur.
1067 1749 1178 1815 the-
1202 1830 1205 1835 Ι

61 1861 116 1912 tur
134 1860 244 1912 tamen
265 1851 467 1930 allegoricam
486 1851 784 1935 interpretationem
799 1851 975 1931 praeferre,
1003 1863 1035 1912 et
1053 1852 1177 1937 optioni

62 1946 121 2012 dat
139 1948 315 2036 duplicem:
344 1952 415 2015 Aut
434 1952 591 2035 templum
611 1952 655 2011 est
670 1949 796 2011 ecclesia
813 1949 995 2030 christiana,
1014 1966 1179 2017 mercato-

60 2072 116 2116 rea
138 2063 171 2114 et
189 2064 350 2137 emptores
363 2056 436 2114 sunt
455 2051 604 2113 homines
618 2050 705 2111 avari
718 2052 764 2111 sui
780 2050 1000 2113 tantummodo
1015 2053 1095 2115 lucri
1107 2057 1178 2115 stu·-

63 2148 164 2230 diosr3
193 2166 248 2214 aut
269 2155 425 2238 templum
445 2156 490 2215 est
513 2152 636 2228 anima,
664 2152 872 2236 quaerationi
887 2158 993 2236 paret,
1016 2172 1179 2239 quamque

63 2253 157 2318 Jesua
169 2273 188 2314 a
202 2254 304 2317 stultia
317 2255 514 2339 impurisque
528 2253 691 2316 affectibus
705 2253 828 2318 liberat.
865 2252 939 2316 Jam
950 2255 1178 2347 satiappparet,

64 2352 230 2441 quomodo
248 2354 333 2439 apud
347 2354 520 2434 Origenem
539 2357 629 2416 litera
648 2354 769 2438 spiritui
787 2354 902 2416 serviat
914 2356 959 2433 ἰθ’).
1001 2353 1078 2418 Alia
1092 2376 1180 2420 non-

65 2457 156 2519 nulla
169 2461 337 2540 exempla,
358 2458 461 2542 qualia
476 2457 593 2541 ubique
615 2457 801 2541 scriptorum
824 2453 975 2534 Origenis
992 2457 1179 2537 exegetico-

64 2578 158 2629 rum,
186 2559 354 2645 praecipue
377 2557 417 2620 ad
429 2559 471 2621 V.
486 2557 523 2621 T.
545 2557 791 2640 pertinentium,
819 2557 913 2617 obvia
931 2560 1017 2635 sunt,
1050 2559 1180 2639 collegit

65 2656 275 2724 Staeudlinua
310 2657 341 2721 S.
371 2659 411 2722 V.
440 2656 625 2722 Geschiclrte
660 2655 938 2731 der‚Sittenlehre
970 2657 1042 2721 Jesu
1070 2656 1107 2722 P.
1135 2654 1178 2724 ll.

64 2782 96 2847 p·
111 2762 279 2937 24desiliit,
317 2871 354 2920 ut
383 2857 707 2922 animadversionibus
731 2855 921 2943 quibusdam
949 2860 1180 2923 universahiua

68 2965 285 3053 quaestionem
299 2959 338 3023 de
346 2959 486 3040 Origene
500 2962 710 3022 hermeneuta
724 2957 960 3024 concludamus.
992 2957 1180 3025 Dummodo

68 3118 276 3143 μ

10 3258 13 3383 p
101 3228 131 3300 ὑ)
150 3228 197 3281 De
213 3225 378 3278 Cantioo
393 3224 638 3278 canticorum
660 3221 802 3287 iudicium
817 3223 886 3277 tulit
901 3225 1014 3296 Prolog.
1034 3227 1072 3281 ed
1093 3227 1181 3288 eant.

139 3309 290 3364 Cannvol.
300 3310 395 3377 111,26
410 3309 454 3361 lria
468 3310 577 3361 verbis:
596 3307 848 3375 ”Epithalamium
862 3309 975 3364 libellus
989 3312 1049 3380 laio,
1065 3315 1183 3369 i.e.ntt·

136 3396 229 3467 ptiala
240 3412 367 3461 carmen,
382 3394 523 3447 dramatis
532 3396 561 3445 in
575 3393 694 3445 modum
703 3393 774 3446 mihi
787 3394 900 3446 videtur
912 3413 929 3447 a
938 3397 1094 3451 Salomone
1108 3414 1182 3451 cnu-

139 3483 281 3552 scriptur,
302 3499 387 3552 quem
404 3483 510 3535 cecinit
524 3483 612 3534 instar
627 3482 763 3534 nubentis
779 3481 899 3550 sponsae
917 3492 947 3537 et
961 3502 1031 3556 erga
1046 3487 1184 3555 sponsum

137 3574 240 3637 suurn,
260 3573 309 3641 qui
326 3572 364 3623 est
377 3573 471 3626 sermo
484 3571 556 3639 Dei,
585 3571 699 3623 coelesti
713 3586 810 3623 amore
823 3570 986 3640 flagrantia.
1030 3572 1185 3626 aurnovtt

139 3658 219 3711 enim
237 3674 322 3722 eum,
348 3656 406 3709 five
424 3659 540 3723 anima,
568 3674 640 3726 quae
655 3656 692 3708 ad
705 3656 864 3728 imaginem
878 3661 939 3725 ejus
954 3660 1033 3714 sacta
1049 3663 1104 3729 eli,
1124 3660 1184 3715 sin

139 3742 271 3798 ecelesia.
314 3743 370 3795 Sed
390 3754 418 3794 et
438 3741 612 3814 magnificus
634 3741 683 3795 hic
706 3743 777 3812 ipse·
786 3754 874 3815 atque
893 3747 1040 3814 persectua
1055 3748 1185 3819 sponsus,-

141 3832 247 3904 quibur
261 3831 354 3883 verbio
370 3833 435 3886 usur
451 3830 487 3883 lit
499 3831 535 3881 ad
551 3831 736 3896 conjunctam
754 3828 806 3882 sibi
820 3832 950 3885 animam
963 3834 1007 3885 vel
1022 3831 1186 3908 ecclesium,

141 3917 214 3971 staec
231 3918 294 3987 ipsa
315 3917 458 3985 scriptura
476 3931 529 3968 noa
547 3915 643 3968 donet.
686 3915 805 3969 Sodalea
821 3933 936 3988 quoque
953 3918 1071 3986 sponsae
1083 3919 1184 3974 adolo-

138 4004 290 4057 scentulae
305 4020 372 4056 curn
388 4002 450 4072 ipsa
466 4003 568 4070 sponsa
579 4000 686 4070 positae
702 4019 775 4071 quae
791 4003 930 4064 diremit,
947 4020 1079 4075 quaeque
1091 3994 1185 4064 auaui

142 4094 233 4147 amici
245 4110 281 4145 ac
297 4091 410 4145 sodales
424 4090 532 4160 sponsi,
552 4106 586 4140 ex
599 4086 702 4141 eodem
716 4088 906 4142 nihilominus
921 4088 1014 4160 libro,
1040 4092 1091 4162 qui
1106 4090 1182 4149 cn.

144 4180 237 4234 ticum
254 4179 443 4232 Cantioorum
459 4176 646 4246 attitulatur,
662 4177 902 4248 cognoscimu„
