2572 4770
150 283 226 355 274
466 270 560 362 cap.
582 270 654 342 ΙΙΙ.
707 270 935 363 Dogomioa.
1049 280 1055 289 '

149 456 301 527 demitte
320 454 471 532 minime,
499 452 628 539 opinor,
655 448 868 540 aspernandae
887 452 951 532 eit,
978 447 1122 539 ideoque
1135 452 1253 539 perspi-

146 580 209 625 cuo
229 557 376 640 indigena
396 555 628 642 explicatione,
661 575 743 640 quae
762 554 844 617 mibi
863 554 908 616 ite
931 555 1103 618 rehabere
1121 553 1249 619 ridetur.

145 656 434 743 Quemadmodum
449 677 513 719 non
528 655 632 734 cibus,
658 652 712 717 ied
726 654 915 719 conscientia
929 658 1015 735 ejus,
1037 656 1183 742 quicum
1195 654 1251 719 du-

144 760 303 826 bitatione
323 757 477 838 comedit,
504 754 726 820 comedentem
742 756 945 842 coinquinat3
965 775 1042 818 nem
1056 756 1114 844 qui
1127 754 1249 835 dubitet,

146 861 174 925 fl
192 859 449 941 manducaverit,
478 857 646 921 damnatur
665 858 727 936 eit,
748 857 823 942 quia
844 855 910 921 non
924 848 967 921 ex'
984 857 1071 938 iide3
1093 869 1127 921 et
1143 878 1250 945 quent-

26 1042 29 1047 Ι
145 957 326 1023 admodum
347 961 513 1047 inquinato
536 970 569 1022 et
590 955 754 1021 incredulo
776 957 858 1020 nihil
874 980 991 1044 purum
1006 960 1068 1037 eit,
1098 980 1168 1021 non
1185 959 1250 1045 qui-

145 1058 225 1124 dem
240 1082 298 1147 per
315 1063 363 1141 ie,
390 1059 443 1125 fed
462 1072 592 1148 propter
606 1059 693 1122 itlius
711 1060 1014 1123 contaminationem
1032 1070 1065 1122 et
1083 1059 1250 1123 inereduli-

73 1216 89 1245 ,
145 1171 265 1223 tatemr
291 1161 337 1223 ita
356 1159 392 1224 id
414 1160 501 1247 quod
519 1161 745 1224 sanctificatum
763 1163 810 1224 eft
829 1181 888 1248 per
899 1161 1045 1225 Verbum
1057 1158 1122 1222 Dei
1139 1172 1173 1223 et
1183 1178 1249 1223 orr-

127 1262 288 1343 tionem,
319 1283 385 1325 non
410 1283 453 1325 ex
477 1264 510 1325 fe
534 1271 678 1325 utentem
697 1261 883 1342 sanctificat,
913 1281 988 1325 nam
1010 1262 1036 1323 ss
1055 1257 1091 1323 id
1108 1262 1156 1324 ite
1174 1264 1248 1341 edet,

36 1362 42 1383 ''
144 1362 353 1425 sanctificaret
368 1364 523 1441 erilium,
552 1362 607 1448 qui
621 1360 750 1444 indigne
767 1360 899 1426 domino
914 1360 1069 1442 comedit,
1097 1384 1159 1427 nee
1173 1366 1249 1427 utlur

144 1474 278 1550 propter
305 1464 410 1526 cibum
432 1465 519 1527 hunc
543 1464 691 1526 infirmus
715 1463 819 1526 iactus
841 1463 964 1542 fumet,
998 1473 1055 1525 aut
1077 1465 1248 1544 imbecillis,

143 1574 204 1626 eut
220 1573 384 1644 mortuus,
418 1565 484 1626 tale
503 1564 592 1626 enim
616 1562 781 1650 quidpiam
802 1562 922 1627 Paulus
945 1563 1060 1627 docuit·
1078 1566 1132 1631 his
1146 1569 1248 1631 'verbis

143 1665 181 1745 (t
201 1660 273 1727 Cor.
289 1663 350 1744 XI,
374 1669 466 1746 30)..
515 1663 564 1727 Ac
584 1665 718 1751 proinde
740 1667 774 1728 in
793 1684 876 1752 pane
895 1664 1017 1728 domini
1031 1667 1156 1733 utilitas
1168 1670 1248 1733 ettei

144 1764 202 1851 qui
225 1764 343 1844 utitur,
372 1785 448 1831 cum
468 1764 658 1830 intemerata
676 1779 787 1830 mente
807 1779 840 1829 et
855 1787 935 1855 pura
956 1770 1148 1834 conscientia
1167 1774 1248 1859 poni»

141 1866 183 1929 fit
194 1866 362 1955 particeps.
404 1864 457 1930 sie
471 1877 581 1929 autern
596 1888 702 1953 neque
719 1870 804 1930 bono
822 1869 929 1955 aliquo
946 1871 1131 1955 privamur,
1156 1894 1197 1938 ex
1212 1894 1246 1939 eo

19 2012 21 2017 ,
143 1966 233 2055 quod
251 1991 318 2031 non
333 1966 539 2033 comedamur
560 1966 601 2031 de
618 1990 700 2056 pane
717 1989 775 2055 per
792 1972 928 2033 verbum
943 1967 1007 2033 Dei
1026 1984 1060 2035 et
1076 1976 1246 2040 orationem

113 2116 116 2121 -
142 2071 340 2149 consecrato,
365 2090 484 2156 nempe
502 2082 632 2157 propter
643 2072 745 2159 ipiam
762 2072 802 2134 ab
821 2075 873 2134 eiu
887 2072 1132 2157 abstinentiam,
1152 2097 1246 2165 neque

29 2230 32 2235 .
141 2186 187 2232 ex
207 2190 246 2232 eo
262 2169 348 2255 qnod
362 2168 584 2249 comedamus,
610 2174 695 2236 bono
708 2174 815 2261 aliquo
833 2170 1050 2255 abundamus3
1077 2196 1155 2241 nom
1167 2180 1246 2241 eutr

141 2269 331 2357 privationis
351 2271 472 2333 matitia
489 2272 535 2333 att
552 2282 585 2333 et
602 2285 746 2357 peccata,
772 2284 807 2337 et
820 2272 1034 2339 abundantiae
1053 2281 1147 2341 causa
1162 2281 1247 2361 jotti-

140 2367 186 2430 tia
212 2371 257 2431 ert
276 2380 309 2431 et
327 2383 413 2434 recte
436 2374 519 2434 freta
549 2376 582 2450 (1
605 2371 675 2438 Cor.
695 2374 787 2457 VIII,
809 2376 852 2458 8).
876 2423 885 2440 .
939 2373 1063 2458 Quodn
1084 2379 1124 2444 id
1148 2402 1246 2464 omne,

140 2466 230 2554 quod
247 2468 344 2533 intrat
361 2470 396 2533 in
416 2493 470 2551 oa,
497 2473 533 2534 in
552 2483 700 2536 ventrem
717 2474 806 2539 radit
824 2475 906 2540 etin
921 2480 1072 2544 recessum
1088 2485 1245 2566 emittitur,

140 2578 176 2632 et
192 2569 280 2633 cibus
298 2570 365 2656 ipio
382 2592 442 2658 per
453 2573 588 2635 verbum
602 2572 665 2638 Dei
684 2584 717 2638 et
732 2578 910 2643 orationem
925 2582 1126 2649 conterretur
1140 2588 1246 2651 secun-

136 2667 223 2734 ·dnm
242 2669 323 2734 iltud
342 2671 473 2758 quidem
488 2672 608 2761 ipsum,
638 2674 725 2763 quod
741 2680 874 2743 materie
890 2684 1025 2762 contrat,
1052 2682 1089 2747 in
1107 2700 1246 2752 ventrem

141 2772 209 2834 nbit
222 2784 254 2834 et
267 2773 302 2835 in
314 2775 464 2836 secenum
477 2775 619 2854 ejicitur,
639 2776 815 2844 fecundum
827 2783 1004 2847 orationem
1018 2797 1146 2870 nutem,
1171 2808 1244 2879 quoe
1285 2790 1286 2808 ²

140 2871 193 2935 illi
206 2875 346 2952 eccaffit,
370 2877 460 2952 juxta
474 2876 712 2961 proportionem
728 2878 823 2965 fidei,
853 2884 939 2948 utilia
958 2886 995 2948 fit
1008 2888 1192 2978 efficitque,
1214 2902 1246 2955 ut

139 2975 305 3058 perspicax
324 2977 381 3038 fiat
396 2975 539 3056 animus,
564 2979 708 3064 spectans
724 2981 766 3046 nd
777 2982 813 3047 id
829 2984 915 3070 quod
926 2982 1072 3071 prodest,
1093 2994 1245 3081 neopanir

139 3074 296 3154 materia,
316 3074 370 3137 ted
385 3078 478 3161 super
498 3098 575 3140 eum
593 3082 714 3167 prolatn
729 3085 829 3146 oratio
848 3104 886 3149 ea
901 3089 962 3166 eit,
988 3110 1071 3174 quae
1085 3092 1182 3159 illum
1197 3099 1246 3176 jn-

141 3182 216 3251 vat,
246 3175 301 3260 qui
320 3198 385 3239 non
397 3176 528 3259 indigne
541 3178 611 3242 Deo
626 3182 712 3245 hune
726 3183 875 3248 comedit.
916 3187 958 3251 Et
973 3190 1054 3255 haee
1066 3193 1199 3279 quidem
1210 3196 1244 3261 de

121 3273 248 3360 ,typico
263 3288 297 3338 et
313 3279 483 3358 symbolico
498 3303 638 3368 corpore.
688 3283 790 3348 Multa
806 3297 914 3350 autem
927 3287 968 3352 de
980 3290 1048 3377 ipio
1060 3293 1176 3363 Verbo
1190 3296 1243 3363 dici

140 3384 277 3460 queant,
307 3376 393 3462 quod
410 3402 481 3443 caro
499 3382 618 3446 factum
637 3387 852 3475 ettveruaque
871 3391 976 3471 cibun,
1003 3413 1104 3481 quem
1123 3400 1181 3487 qui
1195 3422 1244 3465 co-

140 3473 295 3556 mederit,
318 3479 450 3541 omnino
466 3483 500 3544 in
518 3496 684 3551 aeternum
699 3488 806 3570 vivet,
833 3513 908 3554 oum
927 3492 1036 3557 nultus
1056 3500 1165 3565 maino
1178 3524 1244 3569 eum

139 3576 235 3662 poffit
245 3566 456 3643 *comedereJ’
499 3582 622 3648 Comm.
636 3584 726 3651 Serie
738 3589 773 3653 in
786 3588 900 3659 Mauh.
921 3599 945 3680 t.
962 3605 1013 3663 85.
1035 3602 1242 3689 vol.111,898

140 3677 635 3772 adtrauh.xxvt‚1orqq.:
679 3690 800 3755 ''Panin
820 3694 924 3777 itte„,
963 3699 1090 3787 inquit,
1125 3707 1242 3798 ”quem
1285 3705 1286 3722 ¹

140 3778 232 3844 Deus
245 3784 389 3845 Verbum
406 3807 520 3869 corpus
541 3791 631 3851 t'num
652 3793 715 3855 etse
734 3794 868 3875 fatetur,
894 3802 1030 3869 verbum
1046 3808 1093 3872 ott
1107 3813 1243 3877 nutrito-

62 3938 67 3956 ,
138 3883 225 3943 rium
247 3883 442 3957 animarum,
470 3888 602 3950 verbum
622 3890 661 3952 de
673 3892 744 3957 Deo
760 3894 869 3959 Verbo
889 3902 1082 3988 procedens,
1112 3916 1243 4003 erpantr

140 3981 280 4070 depone
296 3987 439 4063 crrelefti,
461 3987 515 4071 qui
531 3994 648 4072 potitus
663 3994 708 4054 eit
719 3996 813 4081 super
824 4004 965 4066 mensam
980 4004 1043 4084 (Pr.
1056 4011 1171 4095 XXII,
1180 4020 1211 4097 5)

139 4080 180 4142 Et
204 4098 299 4167 potua
322 4087 395 4165 iste,
424 4110 519 4173 quem
535 4088 623 4153 Deus
638 4092 783 4160 Verbum
804 4102 988 4184 sanguinem
1006 4110 1102 4179 iuum
1121 4120 1233 4181 fatetur

138 4183 273 4246 verbnm
291 4186 336 4246 eft
348 4199 461 4270 potans
474 4201 507 4253 et
520 4191 681 4258 inebrians
695 4201 855 4281 praeclare
867 4204 963 4272 corda
976 4210 1175 4305 bibentium,
1194 4166 1243 4309 qui
1285 4226 1286 4250 ¹

1213 4064 1240 4081 00
