2572 4770
405 194 576 290 Origenea
600 193 887 291 (Cbrsstosoga'o).
1149 204 1225 277 2⁷9.

114 370 276 453 dimmua,
297 373 354 461 qui
365 372 458 440 aliter
469 398 567 465 quam
579 379 799 447 consentiunt.
841 379 929 462 Quin
946 377 1054 466 potina
1065 375 1147 443 nilril
1163 378 1224 459 est,¹

84 480 87 487 '
112 474 193 561 quin
214 475 370 541 suciamus
389 477 478 545 utin
498 479 587 543 viam
603 478 810 562 reducantur,
837 479 951 544 silleri
970 480 1079 565 possit,
1107 490 1144 542 ut
1162 476 1224 545 soli

113 572 249 671 c'reator'i
263 574 503 659 adhaerescent,
530 590 569 642 ut
584 580 693 642 omnia
704 592 799 661 agant
811 581 899 667 quasi
910 578 1062 660 judicium
1072 579 1222 644 subituri.

112 672 172 739 Sin
184 675 255 739 illia
275 673 527 743 distendentibus
544 700 564 741 a
577 681 671 745 nobia
685 683 823 746 nosbam
834 682 1022 745 senteutiam
1031 676 1223 768 persuadere

111 797 179 839 non
196 778 377 863 possumus,
406 788 476 841 tum
497 777 629 844 demum
646 782 721 845 huic
734 780 776 845 de
785 781 851 845 illia
866 793 1035 868 praecepto
1050 796 1222 866 pnremuaa

111 877 319 945 Haereticam
338 879 505 943 bominem
523 882 713 968 postauam
735 893 769 945 at
792 880 962 945 secundam
986 880 1223 967 correptionem

109 978 219 1045 devita
237 979 317 1060 (Tit.
332 978 391 1060 ΠΙ,
411 984 475 1063 to).
499 1029 508 1047 .
556 981 599 1046 Et
616 993 780 1069 praeterea
798 983 855 1069 qus
869 983 1007 1064 cogitant
1023 985 1135 1046 beator
1154 980 1222 1043 asse

108 1083 260 1168 pacificos
272 1094 305 1144 et
319 1083 430 1145 beatos
444 1084 507 1147 elsa
517 1081 629 1162 mitea,
649 1083 1000 1163 iimultum'abarunt,
1012 1094 1049 1147 ut
1062 1080 1139 1146 odio
1154 1081 1223 1157 ba-

109 1186 207 1249 beant
221 1184 407 1248 christianae
426 1183 591 1264 religionis
606 1196 805 1270 corruptores
825 1205 962 1272 eocqua,
990 1184 1095 1271 quiin
1111 1198 1222 1249 aaron

109 1287 292 1364 versantur,
326 1281 505 1346 cavillando
530 1282 636 1349 ebera
659 1297 776 1349 vocent
799 1283 999 1372 blandosque
1022 1283 1222 1351 veneficae&
1258 1276 1263 1293 ⁸

109 1385 215 1450 Probe
244 1398 353 1448 autem
378 1380 458 1448 duaa
480 1380 715 1472 haereticorum
739 1387 849 1451 classen
875 1385 1033 1468 Origenes
1058 1384 1222 1453 diremit>

108 1486 234 1550 ”luxta
248 1488 314 1549 mei
327 1484 459 1573 quidem
472 1488 572 1550 animi
585 1491 755 1570 sensum„,
776 1489 822 1551 ait
831 1490 919 1552 hom.
932 1486 1008 1569 vll,
1023 1499 1042 1555 5
1055 1488 1089 1550 in
1100 1486 1223 1569 Ezecltf

109 1589 176 1650 vol.
188 1585 250 1668 III,
266 1599 345 1667 882,
365 1589 497 1652 ”mutto
511 1589 675 1652 nocentior
686 1592 730 1652 est
745 1590 925 1654 haereticus
943 1589 1046 1652 bonae
1057 1587 1160 1667 ritae,
1179 1597 1221 1653 at

108 1691 184 1774 plus
199 1689 234 1752 in
247 1686 390 1752 doctrina
402 1693 457 1753 sua
468 1692 566 1754 habet
577 1690 772 1753 auctoritatis*
785 1709 841 1770 eo,
869 1690 925 1775 qui
941 1685 1118 1753 docuinam
1136 1709 1221 1753 con·-

108 1791 287 1855 ntersatioua
305 1792 454 1854 maculet.
505 1789 572 1872 Qui
590 1793 678 1857 euim
695 1792 781 1855 ritae
798 1792 950 1878 pessimae
965 1794 1028 1870 alt,
1048 1812 1115 1853 uun
1127 1789 1222 1877 facile

108 1890 261 1954 homines
280 1889 322 1951 ad
337 1893 451 1953 salsum
473 1888 589 1971 dogma
606 1891 769 1969 sollicitat,
797 1912 856 1954 nec
873 1894 976 1978 potest
991 1910 1051 1977 per
1071 1890 1221 1961 umbram

107 1991 281 2053 sanctitatis
299 1990 500 2054 audientium
517 1988 664 2077 decipere
680 1992 923 2077 simplicitatem.
974 1990 1041 2073 Qui
1053 2013 1131 2054 vero
1149 1993 1223 2053 sera

106 2111 208 2155 mone
226 2092 392 2176 perversus
409 2093 455 2154 est
475 2096 510 2154 es
525 2090 698 2179 disciplinis
713 2093 807 2155 saluti
818 2090 1011 2170 contrarius,
1036 2109 1144 2154 morea
1157 2106 1223 2152 au*

107 2205 179 2256 tem
201 2192 391 2278 compositae
407 2188 441 2254 'et
463 2203 592 2257 ornatos
611 2183 726 2273 habat,
753 2193 838 2256 nihil
850 2193 927 2255 sacit
938 2188 1026 2255 aliud
1037 2192 1097 2254 nisi
1107 2187 1222 2276 accipit

84 2291 298 2357 =indumanta
319 2292 409 2356 varia
424 2292 558 2355 instituti
577 2292 671 2374 boni,
699 2305 733 2357 et
750 2295 998 2359 conversationis
1016 2292 1160 2379 quietae,
1180 2300 1223 2352 at

106 2392 341 2459 circumdatae
354 2389 544 2474 idoliasuia,
566 2404 605 2456 nt
616 2394 719 2483 magia
736 2393 873 2481 decipiat
885 2393 1062 2459 audientes.
1083 2404 1086 2409 '
1104 2378 1223 2457 Iccil'co

108 2499 243 2561 sollicite
252 2514 422 2559 caueamus
435 2493 612 2558 haereticos
617 2540 627 2577 ,
655 2496 712 2583 qui
727 2497 974 2560 conversacionis
985 2497 1127 2583 optimae
1138 2497 1222 2576 tunt,

109 2620 248 2684 quorum
267 2602 349 2660 s'orte
365 2595 465 2656 vitam
484 2616 550 2656 non
564 2607 632 2658 tam
644 2594 751 2676 Deua,
781 2619 877 2685 quam
893 2595 1040 2662 diabolus
1062 2594 1222 2660 tnttmxin

107 2700 192 2767 Nam
207 2694 369 2786 quomodo
382 2692 536 2781 quandam
548 2695 714 2760 illecebrae
725 2700 866 2762 escarum
877 2718 1016 2786 aucupes
1025 2707 1221 2784 proponunt,

106 2811 147 2863 ut
158 2802 285 2864 facilius
299 2818 376 2861 area
392 2797 516 2882 capiant
531 2814 590 2882 par
602 2796 874 2862 oblectamentum
887 2801 1000 2880 gulae,
1025 2798 1067 2860 fic
1087 2800 1137 2877 (ut
1155 2816 1222 2858 au-

108 2897 221 2965 dacius
243 2900 363 2979 dicatu)
392 2897 438 2959 est
460 2895 764 2981 quaedamanttiran
787 2897 923 2979 diaboli,
954 2897 991 2963 id
1008 2900 1055 2961 est
1072 2897 1220 2984 decipula

108 3004 273 3083 humanae
293 3003 436 3079 animae,
460 3008 498 3062 ut
516 2998 770 3088 per-istiuamodi
790 3000 965 3065 castitatem
984 3000 1221 3065 etmantuetu÷

93 3098 220 3179 'dinem
249 3116 282 3167 et
300 3102 450 3185 justiliam
470 3101 565 3185 possit
586 3099 713 3164 lacibus
735 3120 847 3187 capere
865 3113 899 3164 et
917 3101 1002 3181 sallia
1021 3100 1222 3167 sermonibus

107 3206 281 3286 irretire„;
302 3203 411 3268 atalia
425 3198 690 3264 rationassom'm.
709 3202 766 3265 ser.
784 3201 819 3265 in
831 3198 945 3267 Mattli.
963 3204 989 3288 s.
1006 3212 1057 3270 38.
1077 3203 1142 3268 vol.
1157 3200 1221 3283 111,

111 3319 191 3377 862:
219 3305 309 3393 ”Ipsi
324 3304 378 3391 qui
391 3303 582 3391 profitentur
599 3302 632 3367 se
646 3300 867 3365 ecclesiasticos
880 3303 960 3383 esse,
987 3301 1029 3368 de
1041 3305 1222 3369 necessariia

108 3396 289 3498 ¹quibusque
312 3405 459 3492 capitolia
475 3396 632 3497 falluntur
650 3413 684 3465 et
699 3400 908 3485 seducuntur,
928 3404 1007 3469 sicut
1018 3407 1084 3493 ipsa
1098 3405 1220 3468 dissen-

106 3513 153 3576 sio
176 3530 289 3575 eorum
310 3505 528 3570 testimonium
546 3504 608 3583 est,
637 3503 789 3590 quoniam
806 3515 841 3568 et
858 3506 914 3592 qui
930 3505 1017 3572 intua
1034 3508 1106 3569 suut
1120 3504 1221 3576 sedu-

106 3623 233 3687 cuntur.
282 3606 351 3673 Sed
372 3611 615 3694 consequenter,
641 3603 915 3691 quamadmodum
932 3608 1011 3672 solet
1029 3610 1093 3669 else
1109 3606 1144 3669 in
1162 3626 1221 3670 er·

104 3713 268 3791 natibus,
281 3711 352 3773 viae
362 3710 421 3773 baa
429 3710 608 3795 corporales
619 3705 797 3771 differentia
808 3710 939 3793 erroris,
961 3705 1219 3796 etquidamqui-

109 3812 187 3878 dem
208 3813 308 3876 etiam
324 3822 434 3875 contra
453 3811 553 3898 ipsam
575 3794 735 3898 publicam
749 3810 837 3874 viam
855 3832 938 3898 quae
955 3809 1133 3896 quaeritur,
1154 3829 1220 3875 aa·

109 3914 191 3979 (lunt
210 3924 369 3994 errantes,
407 3916 462 3978 alii
483 3925 592 3991 autern
611 3910 775 3977 modicum
793 3912 914 3998 aliquid
938 3910 978 3974 da
999 3914 1109 3974 semita
1133 3925 1220 3976 recta

110 4012 288 4093 declinant,
316 4027 353 4076 ut
373 4016 435 4077 lint
455 4012 668 4095 revocabiles,
693 4027 727 4076 et
743 4017 864 4078 multae
877 4020 949 4079 sunt
962 4013 1136 4078 errantium
1149 4010 1220 4077 ‹lif-

109 4116 286 4201 torennae,
312 4112 488 4201 bocumudo
504 4112 652 4183 uidemus
664 4117 763 4183 etiam
777 4138 852 4201 eoa,
871 4115 927 4203 qui
941 4135 961 4178 a
975 4114 1110 4180 ueritate
1121 4116 1220 4189 aber-¹
