2572 4770
525 298 710 403 Origenes·
757 358 762 369 .
837 328 843 337 ·
1098 276 1176 385 td·

58 474 95 545 is
107 479 255 568 opuscul.
269 475 324 544 ed.
335 454 513 566 Goldlrorn.
528 501 561 568 p.
575 441 672 560 446),
696 474 901 564 vituperandi
915 480 1056 545 nostrum
1067 483 1177 553 susan
1276 488 1279 497 '

57 581 248 668 praebuere.
298 579 340 643 Et
353 581 420 667 ipse
432 581 537 644 noster
550 575 729 658 interdum}
750 579 806 642 fibi
819 580 947 642 facilem
961 584 1024 643 essa
1041 582 1176 668 lapsuum

57 679 190 745 videtur
210 681 336 747 sentire.
377 680 427 745 Ita
446 680 557 744 homil.
571 679 647 756 vll,
668 689 686 747 6
708 681 743 744 ἰα
756 679 916 743 Ezechiel.
934 683 997 747 vol.
1012 682 1072 763 III,
1094 696 1176 754 6626

59 782 158 847 ’'Has
180 785 332 863 variae„
354 782 427 862 ¹uit,
461 782 591 844 ’'vehes
616 778 748 859 (Erech.
769 779 863 859 XVI,
890 785 943 861 16)
971 795 1004 846 et
1023 787 1178 870 pulchros
1254 850 1257 855 ,

60 883 216 962 amimae,
238 905 318 971 quos
332 884 423 947 nobis
436 884 567 964 largitus
578 882 624 943 est
633 878 740 957 Deus,
758 882 784 945 si
796 882 972 946 laceramus
984 895 1079 971 atque
1094 908 1179 951 con·

61 980 254 1062 scindimus,
283 995 316 1047 et
337 981 569 1046 circumdamus
589 982 687 1045 falsae
709 979 872 1045 doctrinae
889 982 932 1047 ad
950 982 1177 1072 deceptionem
1224 1052 1226 1059 ,

60 1083 250 1163 hominum,
285 1106 350 1145 non
369 1082 504 1146 dubium
525 1084 590 1160 est,
620 1083 699 1168 quin
717 1082 814 1146 variis
832 1084 971 1148 vestibus
993 1089 1177 1172 operiamus

60 1181 160 1246 idola.
178 1231 186 1247 .
201 1232 209 1251 .
238 1183 320 1247 Mihi
332 1185 400 1270 ipsi,
415 1185 468 1270 qni
481 1180 820 1269 iuecclesiapraedico,
835 1184 1066 1272 laqueossaepe
1074 1187 1179 1254 tendit

62 1282 253 1366 (diabolus),
267 1295 302 1346 ut
312 1286 1179 1374 totamecclesramexmeaconversationeconfnndat„

60 1384 177 1471 Neque
198 1397 308 1448 tamen
328 1384 363 1447 id
382 1387 425 1448 ita
442 1383 687 1467 intelligendum
707 1387 768 1465 est,
797 1388 884 1472 quali
899 1386 1057 1467 Origenes
1071 1401 1179 1455 totnnt

60 1484 146 1550 illud
162 1487 296 1567 systema
316 1486 551 1551 Platonicorum
574 1483 770 1567 dogmaticae
788 1490 863 1550 suae
883 1489 1065 1570 theologiae
1084 1489 1180 1555 inu·-

60 1587 157 1653 lisset.
196 1585 302 1650 Pauca
317 1598 445 1649 tantum
463 1608 540 1651 vere
559 1589 648 1650 illinc
661 1589 725 1651 huc
738 1588 847 1651 intulit
866 1601 962 1676 atque
981 1592 1079 1653 etiam
1096 1591 1179 1658 haee

61 1689 100 1751 in
119 1687 270 1774 scriptura
288 1691 371 1752 sacra
393 1689 538 1754 invenire
558 1690 669 1752 solitus
693 1687 820 1775 (plura,
856 1690 975 1775 qnippe
996 1684 1180 1777 quaeiscri-

62 1801 159 1874 ptura
181 1808 248 1852 non
275 1787 403 1853 deliniri
427 1792 583 1865 censeret,
619 1810 676 1876 pro
696 1789 830 1873 sapienti
850 1792 981 1854 arbitrio
1004 1792 1098 1855 finire
1118 1791 1180 1857 tibi

60 1893 161 1955 licere
182 1892 295 1971 ratus).
343 1889 413 1976 Ipse
435 1891 522 1954 enim
546 1890 645 1951 etiarn
668 1890 829 1974 vituperat
847 1910 920 1969 eos,
950 1893 1006 1977 qui
1029 1891 1180 1974 dogmata

63 1993 306 2080 ephilosophia
333 1991 482 2070 religioni
504 1991 658 2054 inierunt.
707 1989 801 2052 ”Hoc
827 1992 950 2070 fecit-m
980 1992 1086 2077 inquit
1110 1994 1180 2056 ho-

61 2094 136 2158 mil.
150 2092 227 2171 vll,
248 2104 266 2161 7
286 2092 318 2153 in
333 2090 396 2154 Jos.
418 2094 484 2157 rol.
497 2090 541 2169 Π,
558 2097 639 2167 414,
667 2089 809 2154 ”infelix
822 2092 1017 2155 Valentinus
1038 2105 1071 2154 et
1084 2092 1180 2157 Basi-

62 2192 166 2273 lides,
194 2195 256 2256 hoc
275 2193 354 2255 fecit
371 2205 404 2253 et
419 2192 581 2272 Marcion,
606 2192 795 2257 haereticus.
837 2192 864 2256 F
866 2193 948 2255 urati
962 2193 1034 2257 sunt
1047 2194 1097 2255 isti
1109 2194 1181 2256 lin-

35 2330 40 2339 ·
64 2315 146 2377 guas
170 2314 283 2357 aureas
308 2290 349 2354 de
369 2294 521 2358 Hiericho
545 2308 578 2357 et
595 2286 856 2380 philosophorum
880 2293 974 2357 nobis
994 2317 1059 2358 non
1077 2308 1181 2361 redas

63 2397 100 2457 in
106 2397 252 2461 ecclesias
263 2392 463 2459 introducere
473 2397 775 2473 conatisuntsectas‚
789 2406 822 2457 et
830 2396 974 2480 polluere
983 2416 1182 2461 omnemeo-

64 2495 359 2576 clesiamdomini.,‚
392 2497 492 2562 Porro
503 2497 900 2583 chrihianamreligionem
910 2494 1054 2560 doctrina
1068 2516 1181 2578 graece

62 2598 163 2661 habet
177 2599 273 2678 longe
286 2600 514 2663 sublimiorem.
559 2647 578 2678 ‚‚
587 2598 630 2662 Ut
639 2598 751 2678 argos,
778 2597 824 2658 ait
838 2619 864 2660 c.
873 2594 1019 2677 Celsvl,
1034 2611 1064 2664 2.
1078 2598 1180 2681 uol.l.‚'

65 2708 146 2778 636,
176 2745 197 2777 „
205 2694 337 2778 demus,
360 2699 517 2786 quaedam
529 2698 723 2764 Graecorum
743 2697 890 2778 dogmata
905 2700 968 2759 elie
982 2721 1064 2784 quae
1080 2699 1183 2764 Chri-r·

63 2800 255 2879 stianorum3
283 2814 368 2863 certe
383 2823 447 2864 non
463 2800 576 2864 eadem
591 2802 640 2863 vis
654 2799 752 2863 estad
766 2802 891 2863 animos
906 2796 1112 2862 adducendos
1126 2819 1180 2881 eo,

41 2913 104 2963 ·nt
126 2920 170 2963 ex
187 2901 252 2964 illis
273 2921 380 2965 mores
401 2902 638 2966 conforment.-”
694 2901 816 2964 l‘ariter
834 2899 914 2964 ibid.
940 2923 967 2965 c.
992 2912 1021 2966 6.
1047 2922 1079 2987 p.
1100 2908 1182 2968 6641

64 2999 301 3088 „liq1ridem”‚
322 3004 442 3089 inquit,
467 3002 1184 3082 ‚‚aflir1nareaufim‚bonatamentantorum

62 3102 209 3164 virorum
225 3123 320 3188 pace,
343 3104 456 3168 Christi
473 3102 659 3189 discipulos,
679 3104 846 3190 postquam
860 3101 923 3166 Dei
933 3104 1038 3182 gratia
1049 3104 1185 3170 suerunt

64 3199 192 3283 edocti,
211 3204 307 3284 longe
314 3206 432 3267 melius
442 3225 538 3290 quam
545 3206 714 3268 Platonem
725 3200 855 3280 vidisse,
877 3225 1036 3288 quaenam
1050 3218 1084 3268 et
1096 3227 1185 3297 quo-

64 3301 165 3368 πιοᾶο
173 3303 335 3368 scribenda
349 3306 465 3384 essent,
482 3327 642 3393 quaenam
656 3328 721 3370 non
734 3304 857 3390 scriptis
865 3302 1037 3367 indicanda
1049 3308 1184 3395 populo,

64 3424 226 3490 quaenam
257 3402 408 3487 dicenda,
442 3428 602 3493 quaenam
625 3405 767 3470 tacenda.
775 3407 795 3440 ²·
850 3406 917 3470 Nec
943 3428 1009 3471 non
1035 3411 1183 3475 confutat

64 3503 194 3570 &ham
215 3504 392 3588 dicentem,
427 3505 586 3571 Christum
612 3506 786 3571 al’latone
811 3506 966 3587 exiisse,
971 3529 998 3575 c.
1019 3507 1099 3573 cett.
1121 3506 1184 3588 Vl,
1240 3499 1273 3552 ¹·

64 3607 168 3694 ssqq.
189 3628 223 3695 p.
241 3615 303 3675 664
320 3610 404 3694 sqq„
436 3607 672 3696 Platonemque
692 3630 735 3671 ex
754 3608 920 3693 prophetis
939 3596 1075 3672 hausisse
1093 3605 1185 3671 haud

64 3705 578 3830 obseuiedicit(cs.deprinq.lll.
583 3732 610 3774 c.
620 3722 649 3777 6.
659 3714 684 3796 l
695 3722 723 3776 1.
731 3730 765 3793 p
756 3712 850 3789 161)
866 3709 910 3773 ib.
916 3709 992 3787 VII,
1003 3721 1053 3776 60.
1062 3729 1093 3793 p
1102 3718 1191 3775 7166
1214 3754 1218 3763 -

66 3802 142 3884 Τὰς
159 3804 199 3874 δὲ
213 3806 447 3897 προφητείας,
473 3802 539 3896 ἀφ’
554 3796 598 3874 ὧν
612 3799 846 3890 στοχαζόμεθα
868 3806 926 3873 καὶ
943 3782 1199 3875 vonathen

62 3903 263 4032 τῖλρφέτρι,
291 3905 325 3975 oi
338 3909 514 4033 συγγενῶς
515 3909 587 3986 τοῖς
600 3903 795 3997 προφήταις
815 3931 872 3973 και
863 3904 1016 3983 sadduc
1031 3900 1186 3989 ducisne*

60 4031 142 4088 τις,
171 4011 229 4077 καὶ
246 4004 358 4076 πάντα
377 4008 437 4075 τὸν
452 4001 573 4095 χρόνον
590 4005 771 4089 ἀναθέντες
786 4032 829 4099 τῃ
811 4001 1051 4087 sindone*
999 4029 1069 4071 των
1082 4000 1185 4096 ico&

61 4104 285 4200 γραμμάτων,
318 4114 390 4188 τοῖς
413 4106 621 4201 ἔπρτηόεἰοις
645 4107 702 4175 διὰ
721 4105 807 4194 dion.
821 4099 1041 4198 καθαρότητα
1063 4107 1123 4175 κατ’
1139 4100 1184 4175 τὸ

64 4207 217 4303 mni'ad
238 4217 323 4286 ecto
340 4203 888 4303 ριλομάθαατπαραττήοουσα.
933 4199 1012 4296 ἡμῖν
1031 4205 1071 4280 δὲ
1090 4228 1185 4299 προς

1173 4444 1224 4494 ..Ι
