2572 4770
115 296 190 363 tae
288 288 341 347 ·.
436 274 551 366 cap.
545 266 623 340 m.
672 252 904 355 vagantem

594 444 710 507 beolb
742 436 792 503 io.

187 576 340 655 Prtrno
358 570 479 651 Hypot.
502 445 593 627 libid
608 465 737 646 (iuquigt
754 522 911 637 Photiue)
939 550 981 618 (le
1007 546 1131 640 patre
1155 549 1229 633 agit,

25 752 28 756 Ι
52 740 55 745 ,
116 688 258 757 eumque
277 668 342 732 else
362 684 470 731 rerum
486 663 635 750 opificem
654 656 819 722 ostendere
842 657 974 739 nititur,
1003 654 1107 719 etiam
1123 662 1232 717 contre

116 790 191 851 eoo,
212 768 269 856 qni
279 766 447 830 materiam
459 762 531 828 Deo
543 771 744 826 coaeternam
755 758 887 822 iaciunt.
893 757 914 791 ”

203 868 283 947 „De
302 866 396 929 filio
418 865 476 945 (ait
487 863 637 941 Photiuo)
656 857 792 923 secundo
807 859 927 944 Hypot.
946 856 1029 920 libro
1043 864 1232 937 argumente

34 972 41 983 '
118 965 252 1056 quidem
260 967 360 1053 pontt
371 966 486 1050 quibua
494 961 575 1026 effici
583 960 836 1025 dlcrtnecessano
839 958 1108 1046 ,patremhabere
1116 955 1229 1017 silium.

118 1067 248 1135 Atcnm
257 1068 362 1131 silium
374 1063 468 1143 dicit,
481 1075 657 1126 creaturam
671 1054 824 1143 (κτίσμα)
833 1063 896 1123 esse
908 1060 1011 1145 ipsum
1025 1056 1229 1134 demonstrat,

32 1226 39 1245 ,
120 1180 157 1233 et
171 1168 294 1232 ratione
311 1163 464 1253 praeditis
481 1175 606 1226 tantum
620 1163 770 1248 praeesse.
820 1160 871 1226 Ac
886 1161 979 1245 pluro
995 1157 1030 1221 id
1048 1180 1153 1240 genoe
1173 1158 1233 1221 alio

119 1289 186 1332 una
204 1288 279 1332 cum
290 1264 431 1347 Origene
444 1265 512 1327 silio
526 1260 688 1342 adscribit,
715 1263 782 1326 sive
799 1261 938 1326 eadem
928 1261 1095 1347 impietate
1109 1259 1233 1339 ductui,

119 1367 209 1448 nvo,
236 1378 274 1430 ut
292 1366 363 1453 quis
386 1363 519 1443 dixerit,
547 1365 634 1427 illiue
648 1361 844 1427 defendendi
856 1358 976 1441 studio,
997 1360 1233 1425 exercitationis

120 1466 241 1551 isthaec
257 1467 373 1548 petia,
401 1476 435 1529 et
456 1487 522 1529 non
541 1487 584 1529 ex
601 1468 656 1529 sua
670 1466 1036 1551 sententiaproponene,
1057 1463 1126 1526 sive
1141 1483 1161 1524 a
1172 1481 1232 1523 ve-

121 1568 217 1632 ritate
243 1565 390 1629 nonnihil
420 1565 534 1631 abduci
560 1568 667 1631 sineno
693 1568 734 1630 ob
760 1565 1014 1629 imbecillitatem
1042 1574 1233 1649 captumque

121 1665 295 1747 auditoria,
328 1667 388 1759 ,bui
405 1669 494 1731 nulla
515 1668 642 1731 sortasse
659 1665 738 1730 fidei
757 1668 944 1730 christianae
962 1663 1147 1747 cognitione
1170 1663 1233 1725 im-

24 1792 30 1805 ‘
82 1766 87 1777 '
123 1768 238 1847 butue,
278 1760 387 1831 minue
415 1780 542 1857 poterat
573 1769 798 1831 accuratiorem
828 1766 991 1846 religionis
1019 1764 1232 1844 cognitionem

121 1865 311 1947 admittere,
337 1866 639 1957 nt‘fflfflprnpnrea
662 1871 915 1957 qualemcunque
939 1862 1156 1946 cognitionem
1174 1885 1232 1925 nu-

123 1966 223 2033 ditori
243 1968 405 2061 utiliorem
424 1964 611 2051 existima*
625 1972 705 2050 effe,
735 1990 832 2058 quam
850 1969 876 2031 fi
893 1967 1025 2030 omniuo
1040 1986 1100 2028 nec
1113 1966 1232 2047 agnitus

125 2067 252 2150 illelit,
274 2056 335 2134 nec
352 2052 559 2135 nisime..
608 2071 753 2160 Septimo
773 2072 870 2159 libro,
893 2089 989 2156 quem
1008 2065 1049 2130 de
1064 2067 1129 2131 Dei
1147 2089 1234 2131 crea-

125 2169 216 2232 tione
228 2168 397 2256 inscripsit,
423 2172 585 2257 aliquanto
603 2173 658 2258 pie
676 2171 800 2253 magie'.
816 2170 905 2252 ‚agit
918 2170 1119 2259 praesertim
1118 2167 1158 2233 de
1170 2171 1233 2233 silio

127 2269 164 2332 in
191 2280 337 2331 extrema
364 2270 471 2355 operis
495 2284 595 2358 porte.
602 2273 623 2307 ”
678 2270 750 2371 Ipse
765 2276 878 2337 noster
894 2268 980 2358 apud
998 2270 1153 2336 Athenas.
1171 2273 1192 2334 l.
1211 2272 1234 2335 l.

126 2368 230 2452 „Non
244 2369 481 2448 extrinsecua”,
509 2372 570 2451 ait,
598 2354 797 2452 „adinttcnn
813 2374 859 2436 est
876 2374 936 2441 filii
950 2373 1137 2452 substantia,
1161 2363 1269 2438 ovde'

126 2416 166 2535 dx
191 2457 287 2552 nb³¹
267 2489 371 2535 οντων
400 2417 619 2556 misistis?
638 2462 725 2535 ἀλλὰ
752 2469 790 2536 ἐκ
811 2471 872 2560 τῆς
893 2469 1104 2560 τοῦπατρὸς
1123 2469 1239 2550 οὐσίας

126 2560 222 2653 ἔφυ,-
243 2580 277 2630 ιιι
295 2569 375 2632 lucio
393 2567 541 2732 [Ριοιιῗι
562 2584 594 2634 et
612 2592 714 2657 nquae
728 2593 845 2659 vapor,
873 2575 1078 2661 nequeenim
1092 2574 1242 2663 splendor

126 2679 185 2730 aut
197 2688 298 2755 vapor
316 2669 382 2756 ipsa
402 2689 484 2756 aqua
526 2671 557 2733 el
576 2671 642 2757 ipse
659 2674 706 2735 sol
719 2676 764 2735 est
774 2695 930 2798 ,omneque
928 2676 1033 2737 rursus
1055 2674 1177 2761 aliquid
1196 2678 1241 2739 est

127 2767 288 2848 alienum3
329 2771 476 2852 [sortasse
509 2770 714 2837 addendum:
755 2767 863 2849 οὕτως
889 2767 966 2838 οὔτε
993 2763 1013 2839 ὃ
1042 2768 1118 2852 υἱὸς
1141 2769 1241 2854 αὐτὸς

128 2859 276 2962 ὄπαξῆρ
290 2858 449 2946 ἐστὶν,
417 2859 495 2937 odra
509 2862 702 2963 ἀλλότριος·
708 2866 821 2958 litis
836 2867 1059 2963 deicidium
1016 2896 1078 2962 της
1093 2877 1157 2943 τοῦ
1171 2898 1241 2943 πα-

128 2964 212 3057 τρὸς
230 2964 366 3050 οὐσίας,
391 2972 436 3033 ita
453 2985 579 3055 tamen,
608 2989 646 3040 ut
664 2978 787 3039 nullam
809 2976 998 3041 divisionem
1017 2977 1132 3041 eadem
1145 2983 1243 3067 patria

129 3070 301 3133 substantia
321 3072 360 3133 sit
379 3075 529 3158 perpessa.
579 3077 622 3141 Ut
641 3079 729 3142 enim
749 3079 794 3141 sol
816 3076 902 3141 idern
927 3100 1062 3142 manens
1082 3080 1182 3146 radiis
1203 3085 1241 3146 ab

129 3170 198 3256 apso
205 3170 509 3255 profluentibuenon
519 3176 690 3258 minuitur,
711 3179 758 3241 ita
767 3179 1242 3265 nequepatriasubllantiamu-

20 3302 23 3327 l
74 3338 78 3345 Ι
130 3269 287 3343 tationem
300 3272 400 3336 ullam
412 3277 540 3362 patitur,
554 3299 627 3341 cnm
640 3279 744 3341 silium
759 3279 806 3342 sui
821 3280 918 3366 ipsius
930 3281 1103 3362 imaginem
1115 3286 1242 3349 hahet.”

219 3369 300 3450 „De
319 3373 467 3458 spiritu
492 3378 633 3440 sancto
660 3378 809 3460 (Photiue
831 3382 851 3443 l.
873 3381 911 3461 l.)
937 3383 1032 3443 tertio
1052 3384 1141 3472 Hyp.
1165 3388 1241 3450 libro

132 3483 319 3552 argumenta
339 3474 471 3557 quidem
488 3475 635 3558 adhibet,
660 3480 775 3565 quibua
794 3481 937 3566 spiritum
950 3484 1092 3546 sanctum
1108 3489 1173 3550 esse
1187 3509 1243 3549 co-

135 3586 230 3638 natur
245 3573 428 3656 ostendere,
448 3598 561 3641 verum
580 3593 703 3657 cetera,
727 3577 919 3643 admodum
936 3582 1088 3664 Origenia
1105 3588 1189 3651 libro
1204 3585 1242 3649 de

133 3673 317 3760 principiis,
339 3676 437 3738 etiam
450 3678 502 3740 bic
514 3678 663 3759 nugando
679 3679 793 3745 deliret
810 3681 1069 3779 (naoniqoebst'

76 4394 147 4488 k·
235 4540 249 4561 t

352 3843 624 3925 Angelologin
644 3856 680 3909 et
702 3846 1030 3931 Daemonologin.

220 3952 372 4036 „Quarto
392 3958 479 4046 Hyp.
505 3961 587 4023 libro
612 3961 668 4041 (de
687 3963 843 4027 sententia
866 3963 987 4045 Photir)
1017 3965 1127 4029 inania
1148 3982 1245 4052 oeque

136 4056 231 4140 alque
261 4056 418 4137 Origenes
451 4059 492 4124 de
519 4064 640 4142 augelis
670 4076 704 4127 et
732 4063 942 4129 daemonibus
971 4068 1120 4145 jactitem
1152 4068 1241 4134 exilia

139 4150 279 4235 (λεπτὰ)
293 4159 367 4244 iptio
378 4182 509 4249 corpora
522 4163 635 4228 induit.
644 4163 665 4198 ’'

487 4494 491 4509 Ι
616 4434 630 4481 l
