2572 4770
66 531 69 540 ¹
128 548 323 644 ῥεόντωνς).
366 553 487 617 Homil.
505 552 532 633 1,
553 566 591 621 12
609 553 645 618 iu
663 551 776 620 Genus.
797 557 862 621 vot
877 554 921 637 II,
942 562 982 622 56
1007 548 1083 623 κατ’
1098 549 1242 646 didon-³

130 676 198 725 {roa
227 657 383 742 ”propter
418 654 585 718 bominem
619 656 786 719 universus
816 668 939 721 creatur
970 659 1035 722 esse
1066 658 1241 740 muudus,

88 740 256 826 'aicium
308 753 443 820 Minime
468 754 556 822 enim
580 757 683 821 iactum
706 760 751 820 est
768 746 911 844 ‘propter
938 760 1067 834 bestiae,
1106 780 1172 846 qua
1199 760 1242 825 de

128 883 168 931 re
185 882 212 926 c.
225 858 305 924 Cels.
320 855 378 935 IV,
395 863 444 922 rt.
458 875 496 944 p.
513 867 583 923 658.
600 869 659 925 559
674 859 759 939 ¹haec
776 860 875 923 verba
892 858 985 920 facit:
1012 904 1033 938 ‚‚
1042 858 1156 923 Multis
1176 882 1244 947 po-

128 964 196 1031 stea
214 980 274 1026 noa
292 960 414 1023 accusat
431 959 590 1040 (Celsus),
618 956 706 1045 quod
724 979 744 1021 a
760 957 832 1020 Deo
852 958 960 1021 omnia
976 970 1107 1044 propter
1126 960 1243 1024 homi-

128 1085 209 1131 nem
226 1065 308 1124 tuctu
323 1061 386 1122 esse
400 1056 558 1138 dicamus,
586 1070 620 1121 et
638 1079 680 1121 ex
698 1058 887 1121 animalium
904 1058 1034 1122 historia
1051 1061 1240 1150 multisque,

130 1168 215 1255 queo
237 1162 409 1250 praebent,
440 1160 587 1222 solertiae
608 1158 702 1239 signia
725 1160 859 1244 probare
884 1159 974 1238 vult,
1008 1160 1110 1223 nihilo
1137 1164 1243 1245 magis

128 1276 261 1355 propter
280 1260 444 1338 homines,
478 1280 573 1346 quam
591 1272 721 1346 propter
740 1259 919 1324 animantes
942 1260 1072 1323 rationis
1091 1276 1243 1347 experter

128 1367 215 1430 sacta
233 1364 297 1426 esse
317 1359 435 1423 omnia.
483 1358 521 1422 Io
543 1381 606 1446 quo
622 1361 704 1422 mihi
718 1358 846 1422 ridetur
863 1360 976 1422 similis
996 1363 1059 1423 esse
1073 1360 1157 1442 illie,
1187 1364 1244 1451 qui

128 1464 206 1531 odio
219 1461 341 1546 abrepti
356 1461 390 1522 in
403 1459 466 1522 suia
478 1458 620 1524 hostibus
632 1463 831 1547 vituperant,
851 1480 934 1544 quae
949 1460 983 1521 in
998 1458 1138 1547 ipsorum
1154 1468 1244 1529 emi-
1262 1511 1266 1524 .

130 1568 176 1633 eia
193 1559 378 1643 laudantur.
427 1556 712 1641 Quemadmodum
728 1559 817 1623 euim
835 1560 885 1625 iiti
903 1558 978 1633 odio
993 1558 1155 1626 'emuncti
1176 1586 1243 1630 nou

62 1720 69 1735 .
127 1662 258 1749 rident,
282 1662 316 1724 iu
331 1663 403 1725 suos
416 1663 535 1725 amicos
548 1660 706 1742 recidere,
727 1682 809 1748 quae
823 1673 930 1724 contra
946 1658 1052 1726 bostee
1062 1664 1148 1727 mela
1162 1687 1245 1752 pro-

125 1754 214 1835 tim
233 1763 431 1844 existimant,
458 1764 602 1827 imiliter
616 1762 725 1828 Celsus
744 1773 856 1825 mente
876 1765 1080 1847 perturbatae
1099 1786 1166 1828 uon
1187 1770 1245 1831 vi-

10 1901 13 1905 ·
129 1867 196 1949 «lit,
223 1868 256 1930 se
278 1867 454 1929 obtrectare
467 1863 598 1942 Stoicis,
626 1864 681 1950 qui
701 1884 767 1926 non
785 1864 870 1927 male
889 1861 1005 1927 docent
1022 1865 1191 1931 hominem
1208 1881 1245 1933 et

128 1968 304 2036 unirerfim
317 1977 463 2029 naturam
476 1967 608 2029 rationis
623 1966 810 2052 participem
827 1965 1018 2027 animalibus
1030 1968 1157 2031 ratione
1170 1970 1245 2056 pri-

40 2052 43 2065 *
80 2126 89 2137 .
127 2073 213 2138 vatia
235 2068 440 2145 antecellere,
473 2079 506 2128 et
524 2079 652 2153 propter
669 2068 760 2135 illam
780 2065 976 2154 potissumum
997 2068 1106 2131 omnia
1123 2072 1248 2156 provi-

129 2171 272 2238 dentiam
286 2169 420 2233 tonffe’t
433 2180 532 2253 etqu.
545 2169 589 2253 sq.
710 2159 715 2175 ‘

136 2304 141 2315 ·
206 2261 357 2335 =Tantum
372 2289 449 2331 vero
464 2270 567 2347 abest,
591 2267 697 2328 noster
716 2272 754 2325 ut
774 2265 1031 2331 creationem
1051 2269 1121 2334 sex
1141 2271 1248 2340 die-

127 2377 204 2440 bue
230 2371 463 2434 confectam
491 2370 554 2431 esse
577 2368 718 2445 censeat,
754 2374 791 2426 ut
808 2367 952 2430 insanam
973 2362 1056 2433 hanc
1080 2372 1248 2442 literalem

103 2469 107 2473 ’
127 2472 320 2539 seutentiam
348 2467 442 2531 d'ucat
460 2466 502 2531 de
521 2467 620 2554 princ.
633 2464 694 2546 Ν,
715 2476 764 2531 16.
786 2488 817 2552 p.
837 2475 908 2535 174.
929 2483 1008 2556 1⁷53
1035 2491 1061 2536 c.
1079 2470 1169 2539 cett.-
1182 2477 1247 2560 VI,

129 2584 182 2642 eo.
203 2595 236 2661 p.
254 2581 328 2638 ara.

522 2751 576 2807 Dc
596 2752 845 2820 prouidentia.

210 2875 262 2941 De
280 2869 483 2962 providentia
498 2870 566 2937 Dei,
575 2870 733 2952 Origenes
749 2874 883 2939 minima
905 2872 1078 2957 dubitarim
1101 2880 1247 2970 -ritupe-

27 2991 30 2997 '
127 2989 178 3043 rat
196 2979 304 3064 potius
325 2974 439 3039 acriter
459 2993 534 3054 eoe,
564 2974 618 3063 qui
640 2978 845 3060 „perturbati
862 2977 919 3054 iio,
952 2998 1035 3062 quae
1056 2980 1110 3042 hic
1130 2987 1249 3068 probis

126 3077 348 3164 improbisque
367 3074 566 3169 contingant,
602 3096 814 3161 praepropera
836 3076 871 3138 iu
891 3078 974 3141 huuc
997 3078 1137 3144 abierint
1164 3085 1245 3148 sen-

125 3181 280 3259 tentiam,
302 3198 385 3264 quae
398 3173 634 3263 providentiam
646 3179 762 3240 tollat'’
776 3181 819 3257 (c.
828 3175 908 3242 Cels.
922 3176 949 3255 1,
966 3190 1015 3247 10.
1029 3183 1095 3246 rol.
1110 3181 1138 3262 I,
1153 3188 1240 3268 329),

117 3274 162 3343 'et
179 3277 220 3342 de
234 3279 334 3366 prino.
346 3277 406 3356 IV,
423 3289 452 3342 7.
472 3278 538 3339 rol.
552 3275 580 3356 I,
600 3289 669 3345 162.
687 3288 747 3344 168
760 3277 855 3341 dicit:
891 3278 1145 3359 „Providentiae
1157 3306 1244 3373 ope·

125 3400 165 3446 ra
185 3380 249 3443 elia
267 3380 341 3449 sunt
360 3379 546 3458 manisesta,
574 3380 637 3441 alia
654 3381 695 3441 fic
715 3380 855 3443 abstrusa
875 3392 908 3443 et
926 3383 1065 3462 occulta,
1088 3398 1124 3447 ut
1141 3383 1243 3451 dubi-

127 3479 220 3546 teodi
245 3482 354 3545 ausam
377 3482 529 3565 praebere
552 3477 738 3560 videantur,
773 3500 816 3542 an
837 3478 929 3544 Deua
949 3496 1018 3546 arte
1043 3496 1076 3548 et
1096 3489 1240 3572 potentia

24 3572 58 3609 ‘'
92 3596 95 3601 '
126 3580 334 3647 inenarrabili
354 3580 464 3642 omnia
487 3578 701 3661 administret3
728 3601 833 3668 neque
855 3583 942 3645 enim
955 3584 991 3647 in
1004 3585 1061 3659 iia,
1083 3608 1168 3672 quae
1186 3593 1241 3653 su-

127 3704 187 3771 pra
204 3695 326 3746 terram
349 3682 437 3760 suut,
469 3691 536 3741 tem
561 3693 670 3766 aperta
697 3683 743 3744 est
768 3681 967 3767 providentis
986 3684 1051 3749 Dei
1073 3691 1240 3755 artificiosa

128 3786 228 3866 ratio,
261 3802 358 3870 quam
378 3781 412 3844 iu
432 3782 497 3843 sole
516 3792 549 3843 et
566 3781 643 3843 luna
667 3794 699 3845 et
720 3783 825 3862 astris,
859 3803 965 3870 neque
985 3797 1051 3850 tam
1072 3791 1239 3855 manifeste

127 3889 175 3950 est
186 3887 223 3950 in
239 3883 390 3949 humauia
404 3882 528 3947 eventia
547 3892 581 3945 et
597 3885 735 3963 casibus,
764 3904 861 3971 quam
877 3886 912 3947 in
930 3888 1037 3952 anima
1055 3902 1088 3952 et
1107 3912 1241 3980 corpore

129 3987 360 4065 animantium
396 4029 404 4047 .
426 4029 434 4046 .
456 4030 464 4047 .
484 3995 625 4046 attamen
654 3984 855 4071 providentia
876 3985 963 4074 opud
985 4010 1059 4069 eoa,
1091 3994 1148 4080 qui
1166 4012 1241 4059 earn·

127 4089 228 4174 probe
247 4094 477 4173 perceperunt,
513 4083 595 4165 nihil
613 4087 784 4174 quicquam
808 4084 993 4152 detrimenti
1017 4091 1104 4176 capit
1123 4096 1166 4157 ob
1189 4114 1238 4175 ea,

128 4208 214 4278 qum
237 4209 306 4269 uon
332 4183 685 4277 comprehenduntur.”
747 4187 899 4259 Ceterum
925 4190 963 4255 in
989 4188 1247 4265 Mutuum
