2572 4770
100 253 178 321 ete
296 316 300 322 ,
356 296 360 307 .
428 232 518 325 Gap·
542 232 613 302 111.
664 230 896 335 flegmatica.

99 424 173 492 ritia
194 416 386 503 solertiaque
395 408 412 496 ,⁵
438 413 495 500 qui
515 412 635 474 multae
655 413 801 503 triremes
822 388 1022 492 aediticavit,
1062 435 1105 478 ex
1125 415 1217 481 unica

58 504 62 509 Ι
99 524 193 602 navi,
222 518 275 583 sed
296 539 339 580 ex
355 514 504 577 omnibus
526 512 618 575 simul
638 508 810 590 dijudicari·
823 511 929 576 debet.
976 512 1012 577 si
1026 512 1127 595 igitur
1136 518 1217 581 fim-

80 625 245 713 ¹pliciter,
272 632 426 704 tauquam
445 613 501 699 qui
518 609 616 674 tidem
632 614 721 677 suam
740 610 867 695 ederet,
896 612 979 677 hanc
993 636 1091 700 quarn
1109 615 1217 683 dicunt

98 723 218 807 scripsit
235 718 401 805 epistolam
417 726 473 777 aut
485 713 602 798 scripsit
615 713 697 775 hano
710 714 828 796 solam,
858 717 940 794 esto,
968 717 1118 779 accusent
1130 738 1215 798 eum,

94 820 139 891 'nt
164 823 284 899 velint3
318 839 384 879 non
408 813 497 881 enirn
521 813 653 875 crimine
680 816 817 894 caruerit
839 815 1022 913 istiusmodi
1048 820 1213 884 sententia.

98 921 225 1004 Quodsi
243 919 397 1004 temporis
411 928 445 979 et
456 916 609 1001 personae
629 914 709 978 ratio
727 936 805 979 eum
822 914 955 983 adtolle
970 917 1132 981 scribenda
1146 931 1215 983 tre-

97 1026 165 1103 xit,
193 1023 337 1106 aliasque
355 1012 557 1103 postmodum
579 1015 725 1100 epistolae
740 1013 896 1095 subdidit,
925 1019 1042 1103 quibua
1060 1022 1094 1081 le
1105 1018 1147 1081 de
1158 1022 1214 1083 su-

98 1125 238 1212 [picione
259 1131 389 1207 purgat,
416 1139 482 1179 non
503 1115 644 1201 oportuit
663 1116 782 1179 omissis
802 1118 916 1196 caulis,
944 1140 1001 1181 cur
1013 1120 1057 1181 ito
1073 1121 1214 1183 scriben-

99 1223 179 1288 dum
193 1224 315 1300 fuerat,
341 1218 469 1283 homini
488 1229 610 1296 temere
631 1213 742 1277 odium
761 1220 938 1298 conciliari,
967 1241 1009 1281 ne
1022 1222 1144 1307 alioqui
1159 1223 1212 1284 vi-

98 1323 253 1387 derentur
266 1320 348 1382 nihil
370 1319 428 1381 nili
444 1315 651 1387 dictiunculas
666 1318 816 1403 aucupari
830 1331 863 1381 et
875 1321 1043 1383 veritatem
1064 1333 1099 1382 et
1115 1321 1211 1387 sidem

98 1444 224 1501 rerum,
247 1441 329 1508 quae
345 1441 387 1484 ex
401 1419 471 1481 aliia
484 1416 624 1502 epistolia
640 1417 762 1496 elucet,
787 1421 1048 1504 praetermittere.
1058 1421 1078 1452 ”
1120 1421 1221 1486 Jaro-'

96 1545 175 1588 vero
199 1544 241 1585 ex
257 1544 320 1583 nna
340 1522 454 1582 harum
472 1520 606 1580 aliarum
622 1516 824 1601 epistolarum
831 1565 840 1594 ,
868 1541 911 1585 ex
929 1523 1057 1606 epistola
1079 1522 1209 1607 quadri-

95 1625 212 1712 partita
233 1618 368 1706 ἐλέγχου
383 1619 440 1683 καὶ
461 1609 648 1702 ἀπολογίας
667 1616 707 1682 ad
724 1619 914 1704 Dionysium
934 1622 1119 1709 episcopum
1136 1622 1209 1711 ¹llo-

96 1743 247 1801 manum,
274 1723 376 1784 multa
389 1720 584 1783 Athanasius
604 1721 776 1800 (nonnulla
794 1724 893 1805 etiam
911 1720 1046 1787 Basilius
1058 1723 1207 1805 lllegnus)

10 1893 16 1913 Ι
96 1825 190 1889 nobie
203 1821 351 1903 tradidit,
378 1820 728 1909 qnaeseollectaapud
741 1823 922 1887 Routhium
942 1825 963 1887 l.
979 1824 1001 1886 l.
1016 1822 1077 1902 111,
1095 1835 1153 1891 ret
1168 1861 1207 1875 —

97 1928 195 2004 203),
224 1924 348 1987 etiamst
364 1920 527 1986 interdurn
547 1924 637 2009 prius
658 1926 779 2009 abipso
797 1922 880 1987 dicta
896 1936 1082 2010 torqueant,
1097 1938 1206 1989 ‚tamen

95 2046 208 2091 veram
234 2025 332 2087 nostri
358 2021 398 2086 de
423 2025 563 2087 trinitate
589 2022 765 2089 doctrinam
785 2026 877 2090 nobie
899 2038 1093 2113 proponunt.
1144 2026 1207 2107 „si

96 2126 213 2212 quie”,
247 2125 420 2206 Dionysius
448 2116 493 2187 ait
514 2123 600 2210 apud
623 2126 779 2190 Athenas.
804 2125 846 2189 de
872 2125 1026 2189 sententia
1047 2127 1089 2190 D.
1113 2150 1140 2190 c.
1157 2142 1203 2194 20.

21 2256 35 2314 ᾗ
95 2238 205 2314 pm
222 2223 458 2306 (ed.Bened.),
488 2226 742 2307 „calumniator,
772 2227 915 2312 eoquod
935 2228 1203 2294 Deumomnium

92 2328 249 2391 sectorem
266 2337 298 2388 et
316 2338 490 2387 creatorem
505 2325 589 2405 dixi,
610 2340 703 2412 putet
719 2340 781 2391 me'
792 2327 890 2390 etiam
907 2326 1019 2391 Christi
1032 2343 1204 2395 creatorem

95 2426 225 2504 dixisse,
257 2423 402 2487 advertat
420 2443 475 2486 me
493 2427 582 2511 priue
602 2440 729 2511 patrem
746 2418 850 2512 ipsum
872 2429 1061 2514 appellass03
1089 2453 1153 2517 quo
1170 2433 1203 2495 in

93 2526 250 2591 vocab'ulo
273 2526 366 2586 timul
388 2527 572 2588 enuntiatus
592 2531 637 2589 elt
658 2540 691 2590 et
708 2528 804 2591 filius.
852 2527 1022 2614 Postquam
1038 2532 1127 2595 enim
1145 2557 1205 2620 pa.

92 2634 176 2691 trem
197 2624 265 2687 dixi
286 2625 456 2703 sartorem,
486 2624 628 2690 subdidi:
661 2648 767 2713 neque
787 2640 877 2713 pater
899 2623 1011 2695 eorum
1028 2634 1092 2714 est,
1120 2658 1204 2721 quo-

90 2748 165 2797 rum
183 2732 228 2804 est
246 2728 362 2805 factor,
389 2727 415 2788 fl
434 2726 561 2811 proprie
577 2729 604 2791 ie
623 2741 713 2814 pater
733 2732 797 2791 else
817 2731 1012 2812 intelligatur
1027 2734 1083 2818 qui
1095 2738 1203 2817 'genuit

93 2830 314 2916 (latitudinem
327 2829 414 2890 enim
429 2828 576 2890 vocabuli
591 2830 707 2911 hujus,
736 2844 845 2915 pater,
872 2834 1124 2920 insequentibus
1142 2858 1224 2900 ex-»

90 2933 307 3024 pendemus)r
334 2950 441 3015 neque
458 2930 560 2991 factor
579 2941 688 3014 pater,
715 2931 845 2994 sisolue
864 2933 975 3019 opifex
994 2936 1095 2999 lactor
1113 2935 1202 3000 dica-

88 3049 151 3101 tur.
194 3030 296 3120 Apud
311 3030 447 3108 Graecos
461 3031 549 3093 enim
560 3031 616 3115 qui
628 3031 785 3115 sapientes
797 3035 885 3112 lunt,
906 3037 1034 3098 suorum
1048 3037 1203 3102 librorum

88 3139 225 3201 suctores
241 3143 404 3196 vocentur.
447 3132 623 3218 Apostolus
640 3152 767 3226 quoque
783 3134 846 3211 ait,
873 3136 974 3199 factor
991 3138 1090 3218 legia(
1129 3138 1201 3203 Re-

86 3256 160 3302 rum
181 3235 279 3297 etinm
299 3234 563 3313 extrinsecarum,
597 3231 776 3311 cujusmodi
800 3237 872 3297 sunt
896 3237 998 3301 virtus
1022 3252 1054 3302 et
1073 3240 1200 3322 vitium,

84 3338 223 3403 sectores
253 3348 493 3419 nuncupentur,
526 3332 799 3420 quemadmodum
826 3335 906 3399 dixit
929 3338 1039 3403 Deua:
1071 3341 1201 3429 Exspe-

86 3440 170 3502 ctavi
188 3449 224 3501 ut
239 3439 358 3502 faceret
369 3435 540 3518 judicium,
568 3438 643 3500 fecit
654 3449 763 3500 autem
780 3436 991 3523 iniquitatem.
1002 3441 1022 3474 ”
1055 3443 1200 3522 „Chri-

85 3543 151 3605 stne
168 3538 224 3621 (de
237 3542 316 3602 sent.
331 3537 476 3618 Dionysii
494 3558 544 3622 ap.
558 3538 638 3601 Ath.
661 3561 687 3603 c.
704 3548 753 3606 15.
774 3559 806 3622 p.
819 3545 896 3621 253)
917 3544 1042 3628 semper
1056 3546 1118 3626 est,
1141 3559 1199 3609 ur.

84 3638 314 3730 peracerbum
335 3650 367 3700 et
385 3638 536 3721 snpientia
558 3649 591 3700 et
610 3638 671 3702 vis.
720 3631 850 3726 οὐγὰρ
872 3639 913 3729 δὴ
933 3638 1061 3709 τούτων
1079 3635 1198 3732 ὅγονος

84 3732 132 3805 ὢν
151 3737 170 3805 ὁ
189 3735 290 3816 θεὸς,
319 3726 391 3802 εἶτα
412 3730 721 3824 ἐπαιδοπριήσατο,
747 3735 822 3804 ἀλλ’
839 3738 892 3808 ὅτι
908 3744 956 3832 μὴ
975 3738 1059 3832 παρ’
1076 3739 1198 3814 ἑαυτοῦ

85 3835 212 3919 totos,
233 3833 311 3906 ἀλλ’
329 3836 366 3906 ἐκ
380 3837 442 3902 τοῦ
462 3833 590 3922 πατρὸς
609 3832 736 3918 ἔχειτὰ
755 3831 851 3908 εἶναι.
902 3844 984 3909 Cum
998 3849 1034 3910 lit
1048 3850 1198 3934 splendor

84 3944 165 4007 lucia
179 3956 343 4021 aeternae,
365 3942 490 4028 prorsus
503 3951 535 4001 et
548 3940 611 4024 ipse
630 3953 779 4007 aeternus
794 3948 858 4009 elt'
891 3945 981 4013 Luce
1004 3951 1091 4013 enirn
1109 3953 1196 4017 sem-

83 4064 144 4129 per
158 4045 330 4121 existente,
357 4042 558 4104 manifestum
578 4043 623 4106 est
639 4053 672 4105 et
686 4044 888 4128 splendorem
902 4052 1026 4137 semper
1041 4055 1193 4136 existere;

84 4161 127 4209 co
140 4143 266 4243 :quippe
284 4146 341 4211 lux
362 4135 427 4215 tue
443 4141 647 4228 intelligitur,
674 4143 761 4233 quod
780 4148 945 4238 splendeat
950 4198 961 4234 ‚
988 4172 1025 4217 ac
1042 4155 1191 4244 stacione-
