2572 4770
137 213 265 313 263·
351 199 358 221 ”
437 196 623 294 cna-m
673 190 905 292 Dogmaticn.
997 236 1008 249 ·

136 385 237 453 etiam
264 370 356 473 nlla,¹
370 374 616 471 'christianae
638 380 813 468 ‘pietatis
839 379 1079 446 documenta
1098 381 1256 465 Origenes

136 486 292 566 celebrat,
314 489 403 549 hom.
413 483 483 570 ΙΙ,4
498 483 531 544 in
539 481 647 546 Lerit.
658 484 722 547 vol.
729 481 773 562 11,
786 497 855 551 190.
870 496 925 551 191
941 483 1127 548 ltisverbis:
1146 484 1255 550 ‘’For-

136 591 216 655 taffo
233 586 341 650 dicant
352 584 514 648 auditores
525 583 689 646 ecclesiae:
717 585 834 648 melina
849 586 918 647 sera
935 586 1089 665 agebatur
1104 606 1180 648 cum
1195 607 1253 649 an-

135 688 253 775 tiquis,
275 709 371 774 quam
387 686 569 764 nobiscum,
597 685 654 747 ubi
665 685 779 749 oblatis
791 685 915 749 diverto
928 688 992 749 ritu
1003 685 1164 750 sacrificiis
1176 707 1252 772 peo-

135 791 283 854 cantibua
300 789 398 850 venia
411 786 635 872 praestabatur.
678 784 778 871 Apud
797 784 934 850 nosuna
949 783 1179 849 tantummodo
1192 807 1251 849 ve-

134 892 191 955 nia
211 892 257 952 est
275 886 495 975 peccatorum,
520 905 601 973 qnae
613 879 681 973 gaer
696 878 967 975 lavacrigratinm
984 885 1141 960 ininitiis
1153 883 1251 950 daton

135 991 237 1056 Nulla
253 992 324 1076 post
344 990 425 1051 haec
446 984 597 1073 peccandi
613 986 845 1068 misericordia,
874 1007 934 1050 nec
947 988 1042 1050 venia
1055 987 1123 1049 ulla
1135 1007 1249 1050 nonce-

46 1124 49 1135 ·
135 1087 233 1155 ditur.
262 1089 381 1153 ¹Docet
394 1084 526 1175 quidem
548 1087 743 1153 districtioris
754 1091 818 1153 else
832 1087 1013 1176 disciplinae
1027 1088 1247 1168 Christianum,

135 1206 195 1281 pto
218 1211 282 1276 quo
298 1188 438 1255 Christus
459 1199 605 1252 mortuus
624 1190 679 1252 est.
726 1186 790 1256 ¹Pro
815 1191 997 1270 illisoues,
1027 1189 1128 1269 birci,
1153 1191 1246 1253 θοιιι

104 1354 108 1364 ,
133 1293 361 1373 lugrssabantur
382 1300 416 1352 et
436 1308 529 1367 aves,
567 1287 600 1350 e't
616 1284 1021 1379 limilafconspergebatun
1043 1312 1116 1378 pro
1135 1303 1170 1355 te
1189 1291 1246 1356 Ilei

130 1392 221 1455 titius
234 1391 396 1483 jugulatus
413 1390 474 1468 est,
501 1399 534 1450 et
551 1387 669 1452 iterum
690 1403 726 1454 te'
738 1398 869 1479 peccare
888 1389 1052 1454 delectant
1083 1390 1126 1454 Et
1143 1403 1245 1455 tamen

132 1508 176 1554 ne
194 1491 254 1553 tibi
274 1491 354 1552 haec
375 1510 441 1551 non
459 1499 526 1552 tam
547 1490 671 1572 erigant
692 1492 895 1579 animoa'pro
909 1492 1044 1571 virtute,
1073 1511 1174 1578 quam
1191 1510 1242 1577 pro

131 1582 355 1675 desperatione
375 1590 542 1671 dejiciant,-
573 1591 689 1654 audisti
713 1604 833 1681 quante
858 1593 920 1656 sint
944 1592 980 1654 in
1002 1593 1076 1671 lege
1100 1585 1242 1654 fa‘crilicia

130 1706 190 1777 pro
212 1691 349 1776 peccatis
357 1712 370 1771 ,’
395 1683 573 1755 audinunc
590 1685 812 1779 quantaefint
827 1693 1025 1756 remissiones
1044 1703 1241 1775 peccatorum

40 1803 42 1806 ’
127 1792 166 1854 id
182 1792 368 1873 evangeliis.
400 1792 465 1856 -Est
475 1793 665 1879 tnaprima,
687 1784 750 1879 qtr'n
767 1791 1241 1882 baptizamurinremiffionem

126 1906 345 1980 peccatorum.
388 1890 537 1961 Secunda
551 1894 689 1958 remissio
704 1897 749 1958 est
762 1896 950 1984 inpassione
963 1894 1122 1974 martyrii.
1164 1894 1239 1958 Ter-

81 2007 85 2022 *
117 1984 176 2058 ‘lia
194 1997 257 2076 est,
286 2015 370 2082 quae
387 2016 445 2081 pro
466 1997 668 2078 eleemosyna
686 1994 780 2060 detur
796 1997 892 2078 (Luc.
908 1993 969 2076 XI,
990 1997 1086 2075 41)..
1127 1993 1239 2075 Quarta

127 2091 225 2161 nobis
246 2097 285 2160 fit
303 2097 443 2161 remissio
459 2107 661 2183 peccatorum
680 2118 739 2184 per
757 2098 819 2162 boo
829 2095 952 2185 ,quod
974 2107 1007 2158 et
1027 2115 1088 2158 noa
1104 2095 1239 2158 remitti·

107 2187 203 2262 ἰιιιιι
226 2186 353 2283 peccata
370 2196 522 2260 fratribus
541 2197 653 2279 nostris
676 2189 805 2279 (Μιπιῐι.
821 2147 881 2277 VI,
907 2203 956 2263 14.
977 2199 1075 2276 12).
1124 2193 1237 2276 Quinta

128 2309 333 2384 peccatorum
353 2297 494 2361 remissio
515 2299 577 2377 est,
608 2319 681 2362 cum
697 2299 890 2363 converterit
903 2297 975 2384 quia
988 2307 1190 2384 peccatorem
1201 2295 1235 2360 ab

125 2417 236 2460 errore
251 2395 323 2458 viae
335 2397 409 2459 suae
427 2397 506 2476 (lac.
520 2398 563 2476 V,
578 2401 648 2478 ιο).
669 2446 678 2462 .
727 2399 824 2465 Sexta
841 2418 969 2487 quoque
982 2398 1019 2460 fit
1031 2398 1175 2462 retniffio
1187 2417 1237 2484 per

124 2494 356 2559 abundantiam
375 2497 513 2559 caritatis
531 2497 626 2577 (Luc.
647 2497 723 2580 VII,
746 2514 801 2581 173
837 2514 853 2568 1
876 2499 962 2566 Petri
977 2497 1037 2578 lv,
1063 2503 1141 2580 8)..
1189 2497 1238 2562 En

124 2596 234 2661 adbuc
255 2608 289 2658 et
307 2597 456 2682 septima,
484 2597 561 2659 licet
582 2595 662 2660 dura
683 2589 905 2684 et‘laboriosa,
936 2621 994 2688 per
1007 2600 1237 2686 poenitentiam

121 2699 264 2762 remissio
284 2712 504 2785 peccatorum,
531 2691 605 2762 cur‘n
622 2698 710 2762 lavat
727 2715 872 2787 peccator
891 2704 924 2766 in
939 2702 1236 2782 lacrymis'stratum

120 2805 237 2884 suum,
267 2813 300 2866 et
316 2804 399 2881 siunt
417 2802 450 2864 ei
470 2802 630 2882 lacrymae
643 2802 717 2865 suaa
731 2824 832 2889 panes
847 2800 900 2867 die
919 2825 955 2866 ac
974 2813 1086 2882 nocte,
1116 2814 1235 2866 etcum

124 2922 192 2968 nou
220 2907 377 2971 erubescit
402 2897 556 2965 sacerdoti
582 2901 706 2966 domiui
730 2903 874 2969 indicare
897 2915 1063 2991 peccatum
1088 2906 1184 2968 suum
1204 2915 1235 2968 et

120 3012 279 3090 quaerere
297 2997 492 3068 medicinam
510 3002 573 3086 (l's.
588 2976 685 3085 XXI,
701 3016 737 3089 63
757 3006 824 3072 «Jec
839 3007 883 3086 V,
903 3011 1000 3088 14)..
1048 3002 1143 3069 Ettu
1162 3027 1233 3087 ergo

97 3114 195 3168 -cum
218 3107 329 3170 venis
326 3104 375 3169 ad
398 3105 532 3200 gratiam
551 3107 720 3194 baptismi,
754 3109 895 3173 vitulum
913 3105 1070 3185 obtulisti,
1106 3107 1182 3193 quia
1200 3108 1233 3171 in

116 3213 257 3272 mortem
274 3202 388 3271 Christi
401 3192 587 3295 ¹baptizaris.
636 3206 719 3273 Cum
736 3228 816 3272 vero
836 3207 878 3272 ad
896 3207 1086 3290 martyrium
1099 3207 1232 3290 duceris,

43 3326 47 3333 ’
114 3309 246 3372 hircum
268 3308 444 3400 obtulistis
439 3309 541 3396 guin
564 3319 727 3372 auctorem
752 3310 874 3396 peccati
893 3308 1058 3373 diabolum
1075 3312 1239 3412 jngntang

67 3409 203 3475 Cum
220 3433 298 3476 uero
319 3413 556 3495 eleemosynam
575 3396 707 3490 leceris,
736 3421 770 3472 et
788 3430 864 3492 erga
881 3408 1064 3491 indigentes
1082 3412 1230 3478 affectum

47 3510 353 3579 misericordiae
372 3510 504 3577 sollicita
519 3513 638 3600 pietate
656 3508 864 3596 dependeris,
893 3513 991 3574 altare
1008 3513 1133 3578 sacrum
1147 3516 1230 3578 hoc-

117 3609 170 3677 dia
189 3615 362 3700 pinguibus
384 3615 530 3678 onerasti
577 3610 661 3676 Nam
679 3612 704 3675 fi
723 3632 766 3675 ex
785 3611 881 3676 corde
895 3611 1058 3679 remiseris
1064 3630 1230 3702 peccatum

111 3713 207 3778 fratri
226 3727 301 3797 tuo,
329 3728 362 3780 et
377 3698 561 3779 iracundiae
582 3717 711 3815 tumore
728 3712 887 3823 deposito,
912 3715 1026 3778 mitem
1047 3715 1133 3781 intra
1148 3730 1183 3783 te
1198 3731 1230 3783 et

114 3765 302 3903 simplicem
316 3814 517 3898 recollegeris
547 3801 744 3936 aurinum,
751 3805 940 3881 immolasse
954 3827 988 3880 te
1015 3808 1153 3886 arietem
1178 3822 1231 3884 vel

109 3940 235 4036 agnum
254 3919 291 3984 iu
306 3919 494 3984 sacrificium
512 3916 659 3999 obtulisse
677 3891 814 3989 conside
859 3900 975 3996 Ροπῖθ’
971 3918 1085 3992 alutem
1101 3922 1129 3993 fi
1144 3918 1229 3987 divi-

108 4021 379 4095 »iniectionibus
399 4019 569 4089 instruetur
587 4022 642 4087 iis
648 4000 835 4085 meditando
854 4018 933 4083 licut
951 4002 1118 4103 columba,
1145 4025 1228 4119 etin
1270 4021 1273 4029 ’

203 4121 328 4193 domiui
342 4119 504 4211 vigilando
520 4119 574 4190 die
592 4144 630 4191 ιι
648 4135 762 4210 nocte,
786 4125 828 4190 ab
844 4143 952 4197 errore
963 4125 1022 4188 1ιιθ
1032 4110 1228 4193 contutari:
