2572 4770
135 216 208 291 884
463 206 551 301 cap.
569 210 642 279 ΙΙΙ.
692 206 927 299 Dogmatioa.

134 394 227 462 Deus
246 391 293 455 elt
314 380 333 454 d
351 379 498 470 lluddg'
477 381 730 470 ανωιόμαοτος,
748 382 789 453 τὸ
804 375 973 473 ἄγνωστον
988 387 1133 469 (Neand.
1145 390 1250 460 Gnolt.

136 495 219 577 Sylt.
218 514 265 608 p.
257 494 356 572 .,98)
385 489 479 554 etde
501 492 655 553 sententia
675 488 839 552 Saturnini
857 492 1042 576 praeestctp
1025 484 1254 577 ’πληρώματι

136 593 284 659 omnium
301 597 458 655 bonorum
475 590 567 668 fons,
589 575 708 665 θεὸς”
686 606 869 671 αγνωστος,
889 581 1153 673 deordinatae,
1172 584 1255 659 dao-

47 714 51 725 ·
135 684 342 772 τοιόμασιος
357 693 415 770 (ib.
435 713 466 775 p
481 693 569 769 269).
624 688 845 769 (Recentioree
858 687 1015 753 Platonici
1036 712 1112 754 cum
1129 684 1253 758 Plotina

9 866 11 877 ¹
136 789 176 859 sd
186 782 766 885 orldrcebantaprinuvourcrdpoea5
778 809 835 851 και
827 779 1143 876 “ndaqguoriusotm
1171 792 1254 857 Ter-

136 894 292 959 tullianus
303 890 374 954 adv.
386 889 478 953 Prax.
494 912 520 953 c.
539 902 568 956 7.
584 890 642 968 (cl.
658 888 698 951 de
713 908 806 951 carne
815 886 931 954 Christi
944 912 970 954 c.
981 894 1050 971 ιι.)
1065 903 1099 954 et
1110 892 1253 979 spiritum

137 1006 173 1057 et
192 1013 305 1080 corpus
318 991 426 1056 Deum
446 994 510 1053 elle
529 989 605 1052 dicit
627 986 766 1069 (Neand.
779 988 912 1070 Antign.
928 1012 961 1077 p.
976 996 1075 1073 450);
1103 990 1253 1059 Irenaeus

136 1112 215 1157 uero
233 1093 374 1173 egregrie
390 1111 522 1175 operam
542 1091 605 1152 elle
619 1086 760 1153 dandam
772 1087 949 1169 contendit,
972 1102 1005 1153 ιιι
1021 1090 1138 1155 Deum
1151 1096 1252 1181 potius

136 1192 252 1259 intima
270 1213 313 1255 ex
334 1189 434 1252 animi
451 1191 606 1261 sententia
627 1187 815 1270 diligamus,
848 1211 944 1275 quam
974 1191 1080 1275 qualis
1101 1192 1251 1285 litantis

57 1324 60 1329 ·
135 1290 332 1355 meditemur
350 1290 420 1369 (lib.
435 1287 479 1371 ῌ,
495 1299 543 1354 18.
562 1294 628 1369 28).
683 1287 897 1353 Alexandrini
918 1289 1107 1372 (Clemens,
1136 1292 1252 1375 Orige-

136 1413 196 1456 nes
209 1405 242 1455 et
257 1391 435 1472 Didymus,
455 1389 581 1472 aliquan
587 1403 617 1453 to
631 1390 740 1453 minus
754 1390 992 1470 Athenagoras)
1004 1413 1184 1478 corporeas
1193 1418 1253 1459 no·

136 1493 243 1555 tiones
263 1513 281 1553 e
307 1506 416 1554 natura
431 1486 495 1550 Dei
513 1503 700 1570 removent,
727 1501 899 1576 menteque
918 1488 1030 1554 dicunt
1052 1493 1133 1580 capi
1150 1494 1252 1561 Deum

136 1612 203 1653 non
220 1592 316 1675 polle.
358 1588 521 1675 Imprimis
535 1590 693 1672 Origenes
700 1590 1110 1677 Anthropumorphrtarum
1126 1598 1257 1684 opinio-'

35 1700 51 1729 e
135 1710 194 1753 nes
208 1688 453 1776 fortiterirnpu,³
437 1705 518 1756 unat
561 1692 696 1778 Saepius
709 1690 857 1755 Clemens
872 1702 904 1753 et
915 1689 1077 1773 Origenes
1089 1712 1251 1791 ¹repetunt,

135 1809 273 1853 rnuenm
265 1789 468 1853 nonnulla
458 1816 492 1855 ιιι
508 1794 713 1880 scripturas
738 1811 819 1876 quae
831 1813 865 1852 ιιι
880 1803 1027 1855 naturam
1045 1793 1115 1857 Dei
1122 1799 1250 1885 ,qualis

86 1960 90 1975 Ι
136 1910 176 1953 ea
187 1911 263 1955 vere
278 1890 332 1970 fit
356 1914 421 1954 non
437 1892 610 1979 quadrent,
636 1893 794 1978 propolita
812 1912 850 1953 ea
863 1903 987 1972 tamen
1015 1906 1053 1955 ut
1073 1895 1180 1963 homo
1198 1922 1248 1987 pro

138 1990 194 2053 dne
214 1991 332 2053 mentis
345 1991 562 2057 imbecillitate
578 1995 715 2073 cogitare
730 1988 837 2055 Deum
856 1994 965 2079 portia,
990 1995 1177 2085 jubentque
1192 2002 1250 2065 ho-

134 2090 239 2154 mines
261 2112 391 2173 cavere,
418 2116 460 2157 ne
482 2094 521 2159 de
540 2086 608 2184 ipsa
620 2093 683 2157 Dei
703 2106 815 2156 natura
835 2091 984 2158 audacius
1003 2094 1165 2175 judicent.
1211 2100 1248 2163 Et
1281 2118 1285 2131 ·

132 2192 178 2257 ita
196 2192 327 2280 quidem
348 2215 413 2257 una
434 2217 508 2258 cum
528 2194 674 2277 gnosticis
689 2192 1036 2280 Anthropomorplritas
1050 2198 1248 2279 aggredian-

133 2304 205 2374 tur,
233 2297 327 2360 limul
349 2316 426 2360 vero
447 2297 488 2359 iis
504 2295 656 2376 'gnosticis
673 2305 867 2382 repugnant,
897 2295 953 2380 qui
968 2292 1012 2357 ad
1030 2296 1132 2365 illurn
1152 2304 1246 2367 finem

52 2443 84 2481 ,¹
131 2393 261 2459 Veteris
280 2396 318 2460 T.
342 2397 562 2459 auctoritatem
578 2395 712 2457 violant.
765 2393 863 2474 Quod
883 2392 924 2457 ad
949 2396 1135 2477 lingulas
1162 2406 1246 2469 vir.

39 2482 46 2489 ⁶
130 2505 247 2557 tutes
269 2493 430 2558 divinas
452 2498 581 2574 attinet,
608 2494 649 2558 de
667 2495 898 2581 omnipotentia
915 2494 979 2559 Dei
992 2494 1160 2578 Origenes
1180 2504 1245 2591 (qui

50 2584 61 2631 ¹·
130 2596 228 2657 etiam
243 2593 386 2658 Platonis
405 2595 445 2658 de
466 2598 572 2660 anima
592 2593 706 2657 mundi
726 2598 915 2661 senteutiam
935 2599 1048 2661 saltem
1071 2622 1134 2688 per·
1157 2626 1245 2669 com-

64 2766 73 2785 ·
129 2697 327 2783 parationem
343 2698 449 2782 fovet)
469 2699 593 2760 nonita
613 2695 657 2758 eit
672 2695 780 2759 Deum
797 2700 859 2760 elle
873 2710 1061 2784 potentem,
1083 2714 1122 2765 nt
1140 2719 1244 2771 eeter-

78 2828 82 2853 ·
129 2818 188 2861 tras
211 2796 339 2862 divinae
356 2800 486 2862 rationis
506 2801 594 2879 leges
615 2798 722 2876 tollat3
749 2818 873 2859 necnon
890 2808 1014 2862 tantum
1033 2802 1138 2867 modo
1156 2806 1242 2872 docet
1279 2803 1281 2812 ’

127 2916 148 2959 a
169 2896 241 2961 Deo
262 2900 326 2960 elle
345 2912 503 2980 creatum,
539 2910 657 2986 quanto
676 2898 817 2961 lullicere
841 2898 897 2960 ille
915 2913 1019 2984 queat.
1072 2901 1243 2973 Praeterea
1281 2961 1282 2964 ,

125 2998 430 3063 Valentinianorum
449 3021 553 3080 error,
581 3020 624 3060 ex
640 3020 703 3085 quo
718 2998 807 3061 Deus
829 3022 895 3062 non
914 3003 1008 3063 limul
1028 3002 1068 3064 lit
1086 3005 1196 3073 bonus
1212 3022 1242 3073 et

124 3100 242 3181 justus,
276 3101 458 3177 confutatur
484 3101 523 3162 eb
549 3099 690 3180 Origene
717 3100 764 3180 (et
783 3099 952 3182 Didymo).
1008 3098 1089 3165 Alia
1117 3108 1242 3173 ratione
1281 3165 1284 3194 3

125 3198 275 3265 Clemens
293 3222 366 3263 cum
382 3199 558 3264 Valentino
578 3201 737 3263 convenit.
788 3199 960 3281 Distinguit
980 3200 1088 3282 enim,
1122 3207 1182 3271 ubi
1200 3206 1240 3273 de
1278 3230 1284 3281 '.

124 3298 189 3366 Dei
201 3320 309 3363 amore
324 3301 404 3379 agit,
425 3299 589 3362 masculini
603 3311 636 3362 et
649 3300 796 3365 seminini
811 3300 932 3389 aliquid
947 3302 982 3365 in
995 3300 1085 3385 Deo,
1109 3304 1239 3373 Valen-

123 3400 211 3464 tinus
228 3411 336 3465 eutem
355 3420 472 3462 aeonas
490 3393 661 3484 συζυγίαις
679 3404 829 3483 conjungi
844 3404 953 3489 ponit,
980 3413 1013 3466 et
1033 3424 1054 3467 ο
1037 3390 1183 3485 ’βυθὸς
1199 3412 1237 3473 ab

123 3502 195 3565 aliis
207 3501 443 3566 Valentinianis
462 3489 689 3586 ἆῤῥενοθηλύς
708 3500 810 3567 dictus
825 3507 870 3566 elt
877 3504 1029 3618 ,κᾳιιῑΡΡε
1044 3504 1081 3567 in
1102 3529 1171 3593 quo
1183 3511 1236 3574 vi-

122 3600 183 3665 rile
199 3613 231 3664 et
247 3603 656 3682 femininumconjunctum
670 3606 725 3684 fit,
746 3607 785 3667 ab
802 3604 873 3667 aliis
887 3590 1023 3690 ιἰἱζυγος,
1043 3602 1235 3693 dicentibus,

123 3703 254 3765 omnino
282 3724 386 3792 neque
411 3703 493 3765 banc
517 3703 674 3766 rationem
694 3652 734 3767 ad
754 3705 848 3767 illum
870 3701 1034 3784 adbiberi,
1068 3729 1178 3796 neque
1194 3711 1235 3777 ds

121 3802 189 3916 ipio
216 3802 384 3890 quicquam
412 3801 587 3889 praedicari
612 3807 700 3889 polle
734 3806 811 3883 (cfr.
830 3802 1027 3886 Irenaeusl,
1051 3822 1107 3875 tt:
1150 3805 1234 3899 μήτε

122 3888 259 3988 ἷιρῤενα,
295 3897 380 3991 μήτε
407 3895 566 3988 θήλειαν,
598 3895 683 3990 μήτι
704 3890 832 3980 ὅλως
813 3925 892 3970 οντα
911 3925 956 3971 τι.
1006 3908 1085 3976 Vid.
1108 3912 1229 3983 Neand.

121 4000 229 4067 Gnolt.
245 4000 325 4087 Sylt.
345 4028 378 4092 p.
396 4007 461 4084 97).
