2572 4770
310 196 492 287 Didymus
519 162 664 289 (Angel.
683 209 717 265 ct
734 178 990 288 bomanel).-
1138 207 1213 275 859

91 376 133 443 ad
154 399 236 463 quae
256 377 453 464 potissimum
473 374 576 441 Judaa
601 400 654 442 cor
673 381 750 441 asset
771 379 849 459 vitia
870 378 1062 467 proclivius,
1090 379 1212 468 depre-

90 476 207 542 hendit
234 500 308 540 eum
332 489 442 564 patere
467 476 589 540 insidiis
613 480 782 558 avaritiae3
821 493 854 544 et
881 493 1005 567 reperta
1029 480 1211 567 cupiditatis

90 585 203 660 janua,
223 580 307 642 milit
320 579 353 640 in
366 590 509 639 mentem
523 580 609 657 ejus,
633 579 794 664 quomodo
811 580 1021 645 desideratam
1038 585 1209 666 pecuniam
1229 591 1232 597 ’

92 682 265 765 acciperet,
296 689 328 739 et
346 699 403 763 per
421 678 617 745 occasionem
637 679 716 742 lucri
734 681 878 766 proditor
894 681 1035 763 magistri
1051 692 1084 743 et
1102 683 1210 747 salva·-

91 781 171 842 toris
189 779 235 841 sui
249 777 405 841 existeret.
427 825 435 842 .
485 777 572 841 Haec
592 799 667 858 ergo
681 781 878 861 cogitationis
894 768 1011 845 occafid
1025 782 1131 844 locum
1145 784 1209 845 tri-

90 882 161 945 buit
176 878 331 958 Satanae,
359 878 447 940 utin
467 900 520 941 cor
540 881 609 958 ejus
633 879 786 944 introiens
807 881 955 968 impleret
976 901 1052 943 eum
1073 881 1208 967 pessima

90 983 267 1043 voluntate.
279 1028 299 1060 „
341 977 449 1059 Pergit
468 980 501 1042 h.
514 980 554 1043 l.:
583 977 758 1043 ”Introivit
774 1001 847 1062 ergo
861 1003 927 1044 non
938 980 1112 1046 secundum
1126 980 1210 1053 sub-¹

91 1081 254 1158 stantiam,
291 1075 348 1140 sed
370 1075 544 1141 secundum
564 1081 800 1165 operationem,
834 1081 909 1166 quia
928 1082 1070 1145 introire.
1084 1083 1119 1143 in
1140 1084 1206 1146 ali-

90 1202 190 1267 quem
207 1181 365 1242 increatae
387 1190 517 1241 naturae
536 1182 581 1245 est
602 1183 671 1260 ejus
690 1201 771 1266 quae
788 1182 993 1268 participetur
1012 1182 1203 1266 apluribus.

50 1362 53 1369 Ι
77 1280 369 1367 'imparticipabilis
391 1298 466 1359 ergo
488 1276 633 1342 diabolus
654 1281 716 1358 est,
742 1294 966 1360 concreatur,
988 1279 1041 1345 sed
1061 1294 1203 1363 creatura

88 1381 265 1445 subsistens.
315 1377 409 1442 Unde
428 1391 461 1441 et
479 1381 694 1443 convertibilis
714 1391 809 1466 atqua
827 1381 990 1445 mutabilis
1008 1372 1203 1444 esanctitate

90 1470 209 1543 decidit
222 1492 318 1567 atque
328 1482 484 1558 virtute„
497 1514 541 1529 -
581 1478 745 1544 lllutabilis
758 1486 866 1545 autem
882 1480 1028 1544 diabolus
1043 1484 1088 1543 est
1105 1482 1204 1547 etiam

88 1582 124 1645 in
138 1586 254 1643 bonam
266 1594 406 1667 partem,
429 1593 462 1642 ct
477 1578 602 1642 duobus
615 1580 859 1663 locisDidymua
872 1585 1080 1669 (quamquam
1093 1594 1202 1646 contra

88 1678 435 1768 Manich.p.2tbrtvpi
444 1673 569 1763 αἰωνίῳ
580 1678 1011 1745 diabolumaDeotraditum
1021 1683 1059 1744 iri
1068 1680 1201 1763 dixerit)
1236 1679 1246 1697 '

58 1840 63 1853 ,
88 1788 230 1846 suturam
248 1780 408 1871 quandam
426 1783 559 1845 salutem
576 1779 733 1865 lapsorum
748 1784 933 1861 angelorum
947 1805 1057 1848 revera
1074 1782 1204 1849 videtur

87 1888 272 1968 significare.
312 1883 362 1946 Ita
375 1882 485 1946 Enarr.
500 1882 535 1943 in
549 1879 658 1946 1Patri
666 1879 692 1944 1.
706 1879 746 1940 ad
757 1883 835 1945 vers.
852 1897 1000 1949 10-12·
1023 1905 1056 1967 p.
1074 1895 1145 1950 822.
1162 1883 1200 1948 E.

87 1990 247 2075 postrema
260 2006 292 2047 r.
307 1996 354 2048 12.
368 1983 465 2043 verba
477 1982 521 2043 ita
534 1981 773 2065 interpretatur:
793 1981 872 2044 ”Sic
885 1983 1072 2068 exponitur,
1094 1984 1201 2067 fiquia

88 2083 335 2161 existimaverit,
357 2082 529 2168 quaesitam
543 2082 737 2166 aprophetis
749 2083 882 2144 salutern
894 2082 929 2143 in
943 2084 1007 2145 fine
1019 2083 1082 2144 essa
1098 2102 1201 2143 mun-

89 2158 141 2266 di,
164 2181 250 2271 quod
263 2184 298 2244 in
312 2182 459 2246 omnibus
472 2191 506 2242 et
517 2180 551 2243 in
565 2183 689 2244 summo
706 2184 751 2244 est
765 2183 927 2266 appetitu;
956 2181 1084 2268 quando
1101 2184 1201 2269 ipfiua
1230 2217 1232 2220 ·
1247 2244 1252 2268 ,

88 2286 222 2373 quidem
244 2286 333 2353 causa
354 2284 416 2345 alia
437 2292 550 2344 cuncta
568 2282 669 2361 siunt,
696 2282 800 2367 ipsum
820 2303 897 2345 vero
914 2286 1002 2362 cujus
1017 2287 1105 2347 causa
1120 2284 1201 2347 nul-

86 2390 151 2451 lius
167 2388 270 2466 agitur
285 2381 449 2467 [mendosa
464 2384 527 2444 essa
539 2382 634 2446 lectio
649 2380 799 2465 videtu'r].
841 2383 913 2449 Non
929 2387 985 2449 aba
998 2405 1032 2448 re
1043 2386 1087 2448 est
1101 2386 1200 2449 etiarn

86 2489 225 2567 intelligi
244 2484 287 2548 de
305 2486 418 2548 sanctie
438 2483 558 2566 angelis
582 2493 615 2544 et
631 2484 814 2569 simpliciter
832 2486 951 2549 cunctis
972 2485 1073 2550 beatis
1095 2486 1199 2547 ratio-
1238 2566 1240 2570 Ι

85 2590 247 2657 nobilibus
272 2589 334 2649 hoc
358 2585 495 2663 dictum,
528 2603 603 2647 cum
628 2603 740 2647 omnes
761 2585 936 2670 appetitum
960 2587 1100 2648 habeant
1118 2604 1200 2671 pro-

87 2692 206 2778 spicere
226 2709 280 2766 ea,
315 2706 396 2771 quae
417 2686 452 2747 in
474 2686 539 2747 lina
560 2684 656 2745 seculi
674 2686 745 2746 sunt
765 2683 897 2763 agenda.
946 2684 981 2749 Si
1000 2707 1077 2749 vero
1098 2687 1199 2749 aliurn

88 2790 261 2881 quemdam
280 2792 396 2851 statum
415 2786 561 2847 fecerunt
582 2786 711 2847 beatum
733 2788 804 2868 (per
822 2805 955 2870 eaquae
971 2774 1198 2849 revelata'tunt
1225 2824 1230 2833 ι

86 2919 106 2959 a
122 2893 229 2979 spiritu
248 2891 353 2952 sancto
369 2885 432 2961 eis,
459 2883 516 2968 qui
529 2885 733 2965 evangelium
746 2887 963 2970 susceperunt)
983 2897 1197 2971 praeteream

87 2996 144 3082 qui
165 2992 278 3054 ductus
302 2985 431 3069 [lilingo
462 2981 576 3065 dictus]
600 2987 662 3062 est3
688 2982 858 3048 dicendum
877 2987 922 3049 est
936 2987 1201 3072 etconcupiscera

86 3098 123 3160 in
138 3076 221 3159 'eum
240 3088 417 3177 prospicere
438 3086 585 3164 angelos,
609 3085 665 3170 qui
682 3085 717 3150 in
731 3085 971 3165 transgressione
983 3084 1121 3172 quadam
1138 3087 1197 3150 in-

48 3200 50 3205 ’
85 3197 271 3260 ventilant.
298 3189 381 3254 Nam
390 3183 819 3270 licetquidameorumpravi
831 3188 906 3266 lint,
921 3197 1062 3252 attamen
1072 3187 1196 3252 detenti

87 3295 258 3383 supplicio,
282 3291 495 3377 resipiscentes
517 3285 729 3370 [respicientes
738 3285 767 3368 Ρ]
791 3285 877 3349 unda
894 3286 1074 3351 ceciderunt
1094 3285 1197 3374 (quod
1245 3356 1250 3364 ,

87 3400 186 3461 etiarn
195 3392 337 3457 studiosa
347 3387 532 3454 bominibus
544 3387 823 3472 compromittitur)
834 3389 996 3451 habebunt
1004 3387 1196 3450 desiderium

88 3501 144 3562 vel
157 3517 215 3583 per
227 3495 380 3557 fanestras
396 3511 434 3553 ea
450 3487 642 3575 respicere„
680 3484 743 3549 Ilte
757 3498 865 3550 autern
876 3489 966 3552 locus
979 3491 1024 3550 est
1036 3489 1195 3566 obscurus,

88 3603 132 3664 ita
147 3611 184 3660 ut
197 3616 310 3682 parum
323 3590 399 3655 inda
414 3590 627 3653 demonstrare
640 3587 743 3649 liceat.
784 3588 935 3652 Alterum
953 3589 1058 3650 locum
1077 3586 1196 3648 clario-

88 3722 158 3766 rern
171 3700 281 3763 Enarr.
297 3697 331 3757 in
350 3709 363 3761 t
378 3694 466 3758 Petri
479 3690 539 3779 lll.
560 3709 591 3775 p.
607 3698 679 3754 325.
702 3685 740 3750 G.
755 3691 796 3756 H.
815 3693 901 3774 insra,
908 3695 954 3781 (p.
967 3691 1043 3770 368)
1055 3684 1196 3763 induceq

89 3823 179 3882 mua,
201 3799 257 3864 ubi
278 3795 318 3860 de
335 3814 432 3883 opere
449 3789 563 3859 cnuti
576 3786 797 3877 disputabitur.
889 3818 895 3837 ··
