2572 4770
524 260 715 353 Didymus.
1059 306 1067 319 ·
1099 265 1172 334 44⁵
1208 222 1214 243 l

20 474 24 491 ·
64 464 139 511 cum
152 440 330 509 reverentia
343 441 375 506 ei
384 441 541 520 subjectus
555 443 619 522 cst,
641 460 714 505 cnm
727 439 799 521 ille,
814 441 868 528 qui
877 460 935 528 per
945 443 1078 506 verbere
1090 444 1176 508 alia·-

64 567 128 633 que
143 555 303 610 tormenta
314 542 407 606 timet
418 540 543 622 Deum,
570 544 747 628 possibilem
761 543 910 606 timorem
924 544 1044 606 habere
1056 542 1179 625 videt,;

64 647 233 730 [videturJ.
254 679 298 694 -
341 640 538 707 Christianus
555 643 770 709 lubentissime
789 642 829 707 ad
842 644 949 708 Deum
970 634 1176 732 precatui3

64 744 455 833 nequeprecatursolum,
473 741 526 807 sed
537 755 569 806 et
583 746 696 831 accipit
706 743 792 832 quod
806 757 884 808 orat.
928 745 1119 826 ”Quaerere
1129 749 1179 811 li-

63 850 118 911 bet
137 848 212 928 (En.
228 847 262 909 in
274 846 339 910 Jac.
355 843 414 909 IV.
436 867 468 930 p.
485 855 558 913 321.
580 842 655 925 Β.),
681 847 843 932 quomodo
855 845 955 935 aliqui
969 858 1096 911 orantes
1108 868 1176 913 non

64 945 249 1027 audiantur,
277 957 314 1008 ut
333 945 488 1031 accipiant
509 965 592 1033 quae
612 947 730 1011 habere
750 940 989 1034 postulaverunt
1007 968 1066 1034 per
1087 950 1176 1012 suam

63 1048 264 1134 petitionem.
307 1045 359 1108 Ad
375 1048 453 1110 lineo
468 1045 640 1109 dicendum
652 1050 713 1127 est,
735 1050 889 1135 quoniam
902 1049 958 1136 qui
970 1049 1021 1111 via
1037 1069 1176 1129 congrua

63 1148 105 1212 ad
119 1146 344 1239 postulandum
361 1148 467 1226 venit,
496 1148 579 1211 nihii
592 1148 778 1235 relinquens
789 1168 902 1212 eorum
919 1171 1001 1236 quae
1013 1153 1181 1236 pertinent·

64 1248 106 1313 ad
125 1246 325 1336 impetranda
342 1268 425 1335 quee
442 1250 530 1335 cupit
548 1248 675 1329 omniu,
704 1250 840 1336 percipit
859 1248 946 1336 quod
964 1252 1020 1313 fibi
1035 1250 1104 1314 deri
1117 1274 1179 1315 ro-

63 1350 161 1432 gavit.
204 1350 240 1413 Si
253 1351 325 1437 quie
336 1362 445 1414 autern
460 1361 550 1413 extra
563 1351 776 1414 intentionem
787 1349 922 1441 truditae
934 1352 1096 1437 petitionis
1110 1372 1179 1438 po-

63 1454 148 1515 scere
169 1448 336 1530 videatur,
372 1452 430 1515 itte
452 1471 557 1537 neque
583 1465 693 1537 petere
711 1450 811 1517 modo
833 1451 941 1515 debito
960 1450 1121 1532 creditur,
1142 1461 1178 1515 et

62 1549 139 1616 ideo
167 1572 232 1615 non
259 1553 394 1639 percipit
424 1550 512 1638 quod
542 1552 633 1637 petit.
643 1596 665 1632 „
693 1587 738 1603 ·-
793 1551 989 1617 Christianus
1020 1554 1178 1639 iamper

63 1674 167 1739 quae
188 1651 347 1716 Christo
366 1649 527 1725 debeat,
552 1652 619 1737 pio
641 1653 774 1716 animo
795 1654 940 1718 volvit
987 1645 1178 1738 Τὸσριπό-

61 1755 171 1837 &quoa
194 1751 252 1831 (da
272 1751 345 1814 trin.
359 1748 420 1829 III,
441 1763 493 1816 21.
514 1773 547 1838 p.
564 1757 640 1833 898)
670 1752 728 1817 καὶ
753 1748 1038 1838 προμηθέστατον
1063 1745 1179 1832 πάσχα

63 1847 208 1917 ἑκάστου
230 1844 343 1927 ἔτους,
370 1840 677 1936 intemperatia,
703 1846 887 1935 μᾶλλονδὲ
908 1853 966 1917 καὶ
986 1845 1180 1940 ὥρας’ἑκά-

64 1973 146 2040 omps
160 1950 202 2039 τῇ
221 1949 337 2015 πίστει
349 1945 581 2033 ’ἐπιτελοῦμεν
630 1952 777 2040 Cumque
791 1951 863 2016 Deo
875 1956 1009 2034 gratiam
1023 1955 1179 2019 Christia-

63 2077 125 2118 nus
137 2057 255 2116 referre
267 2065 427 2139 nequeat,
455 2055 698 2135 martyrium
718 2064 829 2117 tamen
843 2053 980 2120 libenter
993 2056 1074 2118 subit
1086 2054 1179 2135 (viclo

61 2157 169 2219 locum
183 2152 382 2235 Didymeum
394 2151 435 2217 de
445 2154 604 2240 baptismo
619 2191 662 2204 -
674 2178 707 2241 p
699 2166 778 2222 ute
791 2158 849 2234 -)
861 2166 893 2216 et
904 2177 963 2242 pro
976 2155 1041 2219 fide
1058 2153 1179 2220 defen-

64 2254 170 2319 denda
189 2253 368 2336 gravissima
388 2255 573 2340 pericula
594 2256 732 2341 suscipit.
787 2248 887 2319 tt
848 2275 912 2342 γαρ
933 2249 974 2371 pti
993 2258 1103 2332 ποιεῖ,
1132 2259 1177 2320 ait

63 2357 168 2418 noster
189 2352 288 2419 dett.
308 2353 352 2432 Π,
376 2365 502 2435 mue,
539 2345 888 2443 ὁπερὶθεόνὲρωςς
921 2346 1033 2440 iiviri
1060 2376 1180 2443 παρα-

61 2459 180 2577 χωρεῖ
189 2451 331 2543 φλλτρον
358 2445 487 2538 ἀληθὲς
513 2452 728 2574 ναρδίαςς..
745 2451 907 2542 ,κέρδος
930 2455 1000 2575 ρὰρ
1020 2451 1178 2575 μέγιστον

64 2556 123 2623 καὶ
143 2551 282 2622 αἰώνιον
301 2550 447 2633 deterrenti
465 2555 599 2620 καὶτῶν
612 2553 747 2637 ἒξέμοῦ
760 2557 817 2621 καὶ
830 2558 896 2621 τῶν
908 2557 968 2621 σὺν
983 2545 1061 2642 ἡμῖν
1073 2549 1179 2642 ἡγοῦ-ι

62 2680 126 2742 μαι
148 2655 257 2731 καλῶς
273 2652 313 2720 τὸ
333 2649 571 2721 πάνια-πόνον
593 2652 626 2723 ελ
650 2650 769 2742 δεήσοι
788 2657 844 2721 καὶ
864 2655 1014 2723 κίνδυνον
1032 2648 1179 2721 ἑλέσθαι

62 2751 151 2844 ὑπὲρ
170 2755 230 2819 τοῦ
248 2748 455 2841 ποιήσαντος
474 2748 564 2838 ἡμᾶς
583 2757 641 2821 καὶ
662 2749 827 2834 σώζοντος
845 2756 902 2820 καὶ
919 2760 1028 2841 κρῖναι
1043 2758 1099 2824 καὶ
1112 2780 1179 2845 φι-

63 2848 400 2946 λανθρωπεύσασθαι
416 2846 522 2941 αὐτοῦ
542 2850 639 2919 ἕνεκα
659 2850 791 2935 ἕξοντος
807 2853 938 2945 πατρὸς
958 2855 1014 2922 καὶ
1031 2852 1106 2924 vioti
1119 2861 1178 2927 καλ

63 2949 162 3044 ἁγίου
174 2948 372 3037 πνεύματος.
1176 3010 1179 3017 .

148 3057 215 3138 Qui
249 3056 358 3135 Deum
386 3052 513 3137 diligit,
564 3056 664 3119 etiam
697 3060 847 3123 fratres
883 3080 961 3122 non
998 3057 1177 3141 diligere

64 3160 219 3247 nequit.
263 3155 357 3236 ”Qui
377 3180 443 3221 non
457 3157 563 3238 ditigit
580 3156 706 3236 (Euam.
719 3159 751 3221 in
771 3174 785 3226 1
800 3161 873 3224 ioh.
887 3160 946 3224 lll.
966 3180 998 3247 p.
1015 3171 1086 3227 sut.
1109 3161 1175 3241 Β.),

63 3271 231 3350 permanet
255 3258 291 3321 in
317 3270 432 3323 morte.
496 3256 660 3338 Quoniam
689 3261 743 3345 qui
773 3258 876 3341 diligit
910 3262 1025 3323 fratrea
1058 3263 1178 3323 secun-

64 3361 144 3425 dom
156 3360 281 3440 Deum,
310 3356 353 3420 ad
367 3359 468 3423 vitam
482 3381 526 3423 ex
540 3370 646 3421 morte
662 3361 783 3425 transit.
826 3358 894 3443 Qui
906 3363 1079 3425 nonhabet
1092 3364 1177 3425 hano

63 3465 244 3540 ceritatem,
264 3472 432 3546 permanet
445 3462 480 3523 in
492 3472 606 3524 morte.
617 3508 639 3539 „

147 3562 287 3648 Neque
308 3560 428 3624 civili
450 3560 649 3646 potestati
671 3559 935 3626 Christianus
955 3575 1182 3647 repugnet,

14 3696 17 3709 =
63 3663 144 3728 nisi
173 3672 317 3725 contre
348 3659 476 3724 Deum
503 3681 549 3724 ea
572 3658 737 3748 aliquid
761 3664 911 3741 jubeat.
966 3663 1182 3729 ''Sicutalitn

62 3766 148 3827 fiunt
177 3772 309 3849 propter
325 3760 433 3827 Deum
456 3764 642 3847 frequenter
664 3759 739 3839 (En.
767 3762 802 3823 in
828 3776 842 3828 1
863 3762 949 3827 Petri
967 3762 1013 3830 II.
1040 3788 1072 3851 p.
1098 3773 1193 3841 eet„

62 3863 141 3944 Β.),
168 3874 201 3926 et
217 3872 347 3948 propter
370 3861 476 3942 aliud,
510 3861 654 3924 similiter
675 3871 708 3922 et
722 3862 832 3941 subjici
850 3863 1043 3951 principibus
1061 3879 1093 3930 et
1109 3878 1175 3953 p'o-

24 3986 37 4001 ·
61 3963 226 4028 testatibua
240 3962 407 4042 humenis,
427 3959 598 4049 aliquando
612 3970 743 4046 propter
758 3961 886 4043 Deum,
907 3964 1077 4050 aliquando
1091 3990 1176 4053 prou

60 4076 135 4152 pter
148 4062 235 4127 aliud
250 4064 419 4152 quicquam
433 4063 480 4126 lit.
525 4059 591 4141 Qui
606 4061 694 4123 enim
707 4073 837 4148 propter
849 4061 1017 4129 dominum
1029 4066 1178 4135 subditur

63 4165 129 4246 eie,
156 4163 213 4251 qui
224 4162 265 4230 ed
278 4161 522 4252 principandum
533 4165 606 4229 sunt
617 4160 793 4246 constituti,
821 4166 1171 4237 tuncsolummodoeie
