2572 4770
470 329 817 413 ...40....

111 486 239 587 χῆσων
256 504 340 589 opu'a
352 496 538 584 aggreltue,
560 498 669 587 postea
680 514 703 561 e
714 492 896 562 Demetrio
908 492 981 561 eiee
996 493 1089 563 urbia
1107 493 1180 585 epi·

110 599 213 688 loopo
230 596 278 675 ‚iu
295 597 411 665 looum
435 592 641 667 Clementie“
660 592 756 675 (scil.
776 586 937 685 absentie)
965 596 1181 689 „presbyteri

113 696 376 781 confirmatusf‘
405 698 602 768 nifi'foriau
627 696 833 773 vocabulum
854 700 990 789 polee
1012 700 1055 763 ad
1076 701 1187 793 serim¹

18 846 24 861 ω
112 800 330 891 referendum
352 805 395 869 est
413 814 560 887 tempus,
586 821 653 888 quo
666 799 822 874 Clemens
843 802 995 868 mertum
1014 804 1065 866 eli.
1119 804 1182 900 Ce-

79 916 100 947 '·
112 918 226 991 terum
246 902 351 972 verba
371 899 575 991 Hieronymi
588 899 737 993 ¹minime
763 901 927 984 iudicant,
955 900 1138 991 origenem
1159 923 1182 969 a

111 1006 289 1079 Demetrio
301 1005 459 1073 inlocum
472 1003 654 1077 Clementis
667 1002 860 1095 presbyteri
878 1003 1182 1095 presbyterum

1 1141 2 1149 ¹
46 1168 49 1173 .
113 1110 179 1179 etto
210 1108 444 1177 confirmatum
468 1103 573 1185 (nam
597 1105 776 1197 presbyter
801 1129 872 1172 uon
902 1110 944 1172 est
965 1129 987 1172 a
1006 1108 1181 1175 Demetrio

114 1209 284 1290 creatae),
303 1207 357 1274 led
369 1206 502 1275 scholae
515 1205 735 1276 catecheticae
750 1206 971 1297 praelectum.

76 1479 80 1489 Δ
150 1422 152 1427 ·
214 1399 415 1490 omanem,
439 1386 578 1475 etfi'non
594 1425 664 1471 uno
679 1425 719 1469 ae
732 1414 896 1491 perpetuo
907 1414 1042 1487 tenore,
1065 1405 1110 1471 ad
1123 1424 1183 1473 an·

112 1525 196 1579 nutu
214 1504 423 1589 CCXXXII,
449 1529 517 1594 quo
534 1500 732 1574 Caesaream
755 1501 851 1586 abiit,
875 1504 1008 1572 scholae
1028 1508 1184 1575 cateche-

111 1606 197 1676 ticae
208 1604 405 1697 praefuille,
426 1607 517 1675 infra
530 1605 633 1675 fufius
650 1606 898 1690 enarrabimue3
920 1606 976 1673 hie
996 1609 1094 1675 liceat
1107 1623 1185 1675 tan·
1221 1620 1226 1633 “

60 1782 62 1787 ,
112 1706 286 1777 tunmodo
314 1706 528 1777 difficultates
557 1709 718 1799 quaedam
740 1731 935 1788 removere,
968 1731 1051 1797 quas
1075 1709 1185 1779 movit

7 1884 14 1901 ,
111 1802 369 1887 Die'telmuierue
382 1811 405 1877 l.
419 1811 443 1877 1.
488 1813 557 1893 Ea,
582 1834 669 1901 quae
686 1811 741 1879 hic
758 1810 816 1879 vir'
831 1811 946 1879 doetus
960 1812 1107 1893 monuit,
1129 1814 1185 1900 ip-

112 1914 178 1983 aue
194 1910 306 1981 verbis
326 1913 542 2003 eloquemur,
568 1926 617 1996 et,
639 1937 683 1982 ne
703 1914 792 2002 longi
804 1918 924 1996 fimua,
944 1914 1046 1980 statim
1064 1912 1101 1979 in
1119 1936 1185 2002 pa-

75 2078 79 2089 ,
112 2014 257 2095 rontlrell
275 2014 547 2106 ponderabimue.
596 2017 690 2086 Dicit
708 2019 800 2084 enim
814 2028 951 2105 praeter
969 2015 1034 2081 alia
1057 2016 1184 2082 nullius

113 2114 189 2189 fere
209 2119 371 2186 momenti
390 2106 490 2193 etiam
509 2117 610 2183 haece
637 2120 753 2200 „Cum
773 2119 929 2185 Clemens
947 2138 1036 2182 anno
1056 2118 1188 2191 CCXX

82 2208 89 2227 ¹
112 2218 296 2295 mortuue“
319 2218 336 2298 (
343 2219 434 2308 quod
451 2232 526 2289 erat
540 2218 871 2303 demonstrandum),
895 2219 1080 2306 „Origenes
1100 2243 1184 2286 vero

113 2342 204 2389 nuno
223 2320 387 2389 CCXXX
412 2321 613 2411 ampliorem
638 2322 831 2389 eruditionis
857 2320 1081 2388 celebritatem
1101 2323 1186 2388 alle-

113 2436 238 2517 quutua
250 2421 380 2491 fuerit“
403 2412 555 2512 (nullum
568 2424 704 2491 invenio
716 2425 846 2504 locum,
871 2446 914 2489 ex
926 2446 993 2511 quo
1008 2421 1073 2491 hoe
1088 2424 1185 2490 eolli-

112 2524 147 2619 εἰ
166 2524 280 2616 potue,
314 2526 373 2595 niu
395 2525 644 2615 quodammodo
664 2525 849 2614 Nicephori
869 2525 904 2591 h.
922 2549 951 2591 e.
969 2526 1022 2609 V,
1045 2521 1086 2606 8,
1116 2526 1187 2616 qui,
1223 2529 1226 2537 '

55 2628 61 2649 '
113 2649 240 2719 exque
257 2626 299 2695 ad
317 2628 505 2719 presbyteri
518 2629 707 2718 dignitatem
721 2628 883 2715 Origenes
899 2627 1107 2717 pervenerit,
1131 2630 1187 2718 ip-

114 2729 189 2801 ium
209 2730 246 2797 le
269 2725 406 2809 τούτου,
433 2729 477 2808 εἷς
500 2732 589 2821 μέγα
616 2722 707 2822 δὸξης
726 2726 922 2821 προήκοντα,
953 2720 1052 2819 daupei
1070 2755 1110 2797 τι
1131 2721 1186 2796 nel

113 2833 207 2907 κλέος
221 2824 337 2923 αἱρετῆς
350 2825 404 2899 uei
424 2829 539 2916 σοφίας
556 2822 646 2923 παρνῖ
665 2828 746 2900 ardus
764 2820 881 2918 σχεδον
899 2823 1080 2923 ἀνθρώποις
1092 2831 1187 2920 μέγα·

113 2955 192 3001 πον
203 2933 443 3027 consequutum
458 2936 522 3001 elle
536 2935 615 3002 dicit
620 2961 633 3020 3
655 2934 763 3024 qualia
774 2947 888 3000 autem
899 2945 1016 3001 auctor
1028 2937 1067 3001 fit
1081 2935 1187 3001 Nice.-

113 3032 264 3129 phorum
285 3049 387 3126 patet.
438 3035 540 3126 Quod
555 3060 639 3104 vero
646 3035 809 3107 Eusebius
822 3035 856 3101 in
866 3034 1034 3103 Chronico
1048 3038 1185 3127 Il,'297
1221 3064 1224 3071 ·

114 3134 168 3205 ed.
181 3134 333 3205 Aucher.
347 3162 416 3205 uon
428 3139 534 3228 priua,
547 3161 649 3229 quam
669 3137 772 3229 paulo
786 3152 863 3205 ante
878 3161 978 3227 quam
989 3138 1188 3205 Caesaream

23 3296 28 3307 ,
113 3236 179 3309 tete
193 3236 379 3323 conferret,
403 3239 587 3330 Origenem
599 3230 829 3310 Alexandriae
847 3239 992 3307 floruille
1005 3240 1100 3322 dicit,
1124 3263 1188 3306 ne-

83 3344 88 3359 '
112 3339 288 3432 gligeutiae
306 3342 522 3410 tribuendum
544 3346 607 3412 ell'e
623 3356 774 3434 apparet·
820 3343 951 3410 Eodem
970 3341 1189 3409 iureDietel-

115 3442 262 3512 maierua
276 3444 374 3512 etiam
387 3442 523 3533 gratius
540 3446 652 3512 dicere
664 3444 828 3536 potuerit,
850 3445 894 3509 ab
912 3468 1000 3510 anno
1013 3445 1189 3513 CCXLIX

118 3536 256 3613 demum
274 3545 457 3633 Origeuem
479 3546 706 3616 celebritatem
724 3550 932 3635 effequutum
950 3546 1064 3629 suille,
1095 3544 1187 3635 quod

116 3646 324 3741 Epiphanius
341 3646 467 3716 haenel.
476 3642 620 3732 LXIV,
647 3675 662 3717 r
688 3649 751 3715 ait:
777 3651 809 3714 ἑν
824 3641 952 3739 χρόνοις
966 3646 1078 3719 Δεκίου
1093 3640 1190 3726 βασι·

117 3749 200 3827 Moe
219 3744 400 3842 δγνυρίζνΐο
425 3746 632 3839 (Origenes)
659 3742 715 3818 lari
734 3751 793 3829 τῆς
810 3743 1067 3843 Ἀλεξανδρείας,
1093 3749 1190 3818 etde

115 3852 321 3943 ponderdaue
337 3865 370 3919 et
384 3852 547 3919 mensuris
566 3874 641 3941 cap.
657 3848 701 3919 18
722 3853 829 3920 addit:
853 3845 919 3920 oe'rrd
937 3847 1060 3944 χρόνων
1072 3846 1187 3920 Δεκίου

117 3946 302 4040 ἀκμάσας),
325 3953 553 4042 „consequeus
568 3955 632 4022 erit
648 3967 685 4021 ut
701 3954 866 4037 dicamus,
889 3970 948 4021 aut
959 3955 1106 4023 scholam
1123 3977 1188 4044 per

118 4072 226 4121 tunae
241 4056 490 4149 propemodum
509 4057 626 4124 decem
638 4058 850 4124 moderatore
864 4056 1029 4127 caruille“
1049 4057 1064 4137 (
1071 4057 1189 4146 perin-

120 4153 162 4222 de
179 4161 270 4245 quali
289 4182 334 4227 ex
362 4183 402 4227 eo
424 4155 598 4249 sequetur,
630 4158 814 4248 origenem
839 4181 909 4228 non
936 4160 1033 4251 prius
1056 4159 1190 4227 [chelae
