2572 4770
137 279 212 347 420
509 261 597 353 Cap.
622 257 694 330 W.
745 257 888 327 Ethico.
913 264 918 275 '

136 453 331 516 adhibentur
344 444 443 509 etiam
455 441 668 518 tentationes,
679 440 683 457 ¹
696 459 763 502 non
778 436 820 502 ad
837 435 1126 524 emundationem,
1152 439 1206 507 sed
1218 438 1258 507 td

120 555 393 643 ¹propinquorum
415 544 605 623 utilitatem,
634 543 660 605 ii
682 542 829 603 laborum
848 544 934 604 sacto
950 544 1097 628 periculo
1110 565 1170 607 eoa
1182 565 1258 607 oon-

138 652 304 742 tempserit
331 660 365 713 et
392 643 555 724 ablegarit.
609 643 735 708 Eadem
755 643 802 705 est
822 643 906 705 ratio
931 639 974 706 de
993 646 1182 730 voluptate3
1216 647 1257 708 ett

138 758 228 823 enim
253 772 304 815 rea
329 749 490 824 maxima,
525 766 599 809 cum
619 745 690 831 quia
714 764 788 806 eam
807 755 960 829 expertos
986 747 1107 826 fuerit,
1143 744 1255 809 deinde

138 856 308 921 abstinere.
365 843 454 926 Quid
477 844 565 908 enim
588 866 759 926 magnum,
789 845 953 937 liquisse
972 847 1141 910 contineat
1162 850 1201 909 ab
1221 848 1256 908 iio

138 973 222 1041 quae
244 971 309 1011 non
332 944 448 1010 novit?
496 944 530 1009 Is
554 966 632 1008 vero
657 946 833 1031 exsequens
860 958 1068 1033 praeceptum
1090 948 1253 1029 evangelii,

138 1053 217 1119 facit
236 1051 329 1111 illum
350 1045 668 1127 diem'dominicum,
698 1068 761 1135 quo
775 1048 895 1109 nralarn
906 1048 1059 1126 abjecerit
1070 1049 1174 1112 animi
1186 1051 1253 1111 sen-

138 1145 275 1216 tentiam
288 1160 321 1210 et
333 1148 491 1232 acceperit
504 1166 577 1208 earn
590 1168 671 1234 quae
689 1149 735 1209 est
752 1167 795 1209 ex
807 1146 1003 1226 cognitione,
1026 1168 1102 1211 eam
1120 1171 1202 1235 quae
1213 1152 1252 1212 eli

34 1264 37 1271 '
138 1253 175 1316 in
194 1250 261 1336 ipso
283 1246 407 1310 domini
428 1248 608 1328 glorificans
627 1248 929 1310 resurrectionem..
983 1245 1111 1328 Quodsi
1128 1263 1251 1339 propter

22 1429 25 1435 .
138 1354 226 1414 vitae
248 1348 463 1412 necessitatem
482 1347 516 1409 in
537 1349 569 1410 se
589 1346 762 1410 nutriendo
781 1349 941 1410 consumat
955 1349 1111 1427 exiguam
1127 1362 1252 1437 tempo-

139 1455 185 1516 ris
206 1450 395 1536 particulam
422 1452 469 1535 (ρ.
494 1453 589 1530 878),
621 1448 762 1512 fraudari
784 1452 816 1512 se
838 1444 946 1509 debito
966 1449 1147 1530 existimat,
1181 1450 1252 1514 dum

138 1552 288 1616 avellitur
307 1570 367 1637 per
385 1550 563 1628 negotium.
614 1549 697 1612 Hinc
713 1551 750 1613 fit
768 1569 879 1613 revera
898 1558 934 1610 ut
947 1568 988 1611 ne
1001 1551 1167 1613 somnium
1183 1552 1253 1637 qui-

139 1649 214 1715 dem
235 1649 361 1730 videat,
387 1648 473 1738 quod
485 1673 552 1714 non
565 1650 667 1714 eleeto
681 1650 858 1713 conveniat.
900 1648 983 1715 Nam
1000 1661 1090 1714 totus
1105 1653 1252 1717 revereis

139 1754 185 1815 est
204 1752 320 1837 hospes
339 1763 373 1815 et
393 1752 581 1837 peregrinus
599 1751 633 1811 in
646 1760 715 1815 tota
731 1751 816 1830 vita,
844 1749 899 1836 qui
917 1750 951 1811 in
966 1751 1097 1816 civitate
1108 1755 1250 1833 habitent

140 1853 318 1918 contemnit
338 1873 474 1939 eaquae
493 1855 529 1915 in
550 1852 678 1916 civitate
696 1853 769 1915 sunt
787 1863 916 1936 atquae
930 1851 985 1914 alii
1000 1853 1178 1937 mirantur,
1203 1857 1250 1919 vi-

136 1952 249 2042 vitque
264 1954 297 2016 in
314 1953 442 2017 civitate
456 1966 492 2016 ut
506 1938 690 2031 solitudine,
720 1964 756 2014 ut
769 1974 834 2015 non
847 1952 937 2015 locus
947 1952 1051 2036 ipsum
1066 1968 1179 2036 cogat,
1203 1955 1251 2021 sed

137 2054 272 2120 vivendi
289 2056 469 2118 institutum
487 2052 632 2117 ostendat
650 2055 714 2116 else
735 2056 861 2138 justum.
910 2053 1107 2131 Hujuarnodi
1131 2060 1249 2139 gnotu-

139 2180 212 2239 cua,
242 2171 280 2221 ut
298 2156 481 2221 summatim
500 2152 621 2233 dicam,
651 2155 855 2240 apostolicam
872 2156 1052 2240 compenset
1068 2159 1248 2241 absentiam,

138 2273 224 2325 recte
245 2260 377 2336 vivens,
414 2266 560 2318 accurate
581 2258 786 2336 cognoscens,
821 2256 894 2316 suoa
916 2256 1031 2333 juvans
1055 2262 1248 2343 necessariae

138 2371 268 2424 rnontee
280 2357 532 2445 propinquorum
545 2366 783 2435 transmovene,
809 2367 842 2417 et
855 2354 1101 2442 inaequalitates
1115 2360 1248 2447 ipsorum

138 2465 265 2525 anianae
287 2459 449 2537 abjiciens.
474 2503 482 2518 .
537 2454 608 2540 Ipse
629 2476 687 2540 per
708 2457 844 2520 caritatis
864 2458 1094 2542 perfectionem
1116 2466 1247 2550 l'eiplurn

35 2626 38 2631 ,
137 2561 305 2639 diminuit,
350 2577 392 2618 no
419 2575 561 2639 unquam
588 2567 771 2618 contemnat
798 2556 949 2621 efflictum
973 2562 1129 2643 fratrem,
1171 2567 1245 2630 fisa

32 2724 35 2728 Α
136 2662 261 2727 sciverit
296 2657 422 2723 facilius
459 2656 599 2725 laturum
633 2659 813 2735 egestatem.
879 2659 1049 2723 Existimat
1087 2677 1177 2731 certe
1205 2668 1246 2730 il-

134 2764 199 2828 lius
224 2761 370 2825 dolorem
395 2759 469 2821 esse.
484 2754 629 2819 dolorem
652 2759 833 2845 proprium,
864 2770 897 2824 et
912 2760 939 2824 fi
957 2782 1000 2825 ex
1019 2763 1076 2825 sua
1092 2768 1245 2850 praebent

133 2864 242 2951 inopia
261 2875 391 2949 propter
412 2858 657 2922 beneficentiam
675 2859 780 2944 aliquo
797 2859 949 2925 afficiatur
963 2863 1191 2945 incommodo,
1213 2867 1244 2932 id

86 2970 98 2987 ‘
133 2986 199 3027 non
223 2983 318 3042 aegre
337 2962 419 3039 fert,
444 2957 615 3022 sedetiam
632 2962 735 3041 magis
752 2973 846 3042 auget
864 2963 1102 3033 beneficium.
1155 2969 1243 3035 Idem
1285 2975 1286 2978 ’

134 3067 182 3149 (p.
195 3065 271 3143 879)
287 3082 345 3147 per
357 3062 445 3146 spem
460 3061 624 3147 propriam
640 3062 765 3127 avulsus
777 3084 843 3125 non
857 3065 958 3145 gustat
972 3085 1009 3128 ea
1023 3088 1107 3154 quae
1123 3072 1196 3136 sunt
1212 3075 1243 3137 in
1280 3089 1282 3092 ’

131 3160 255 3255 mundo
281 3163 433 3248 pulchra,
466 3162 575 3225 omnia
600 3160 683 3246 quae
702 3163 755 3224 hic
778 3165 850 3225 sunt
868 3184 986 3246 magno
1004 3170 1116 3234 anirrm
1137 3171 1243 3261 despi-

132 3264 238 3344 ciene3
266 3261 323 3327 sed
342 3273 376 3326 et
389 3262 557 3327 miseretur
576 3281 707 3341 eorum,
734 3264 789 3349 qui
805 3267 1023 3350 postmortem
1035 3272 1176 3353 castigati
1189 3278 1242 3361 per

129 3365 319 3451 supplicium
334 3362 428 3426 inviti
442 3363 651 3442 confitentur,
678 3364 796 3427 bonam
809 3368 933 3453 semper
942 3367 1065 3434 habena
1080 3377 1241 3440 conscien-

129 3466 228 3546 tiam,
255 3479 288 3529 et
307 3468 431 3548 semper
448 3474 577 3547 paratus
594 3460 637 3525 ad
656 3464 798 3546 exitum,
825 3479 862 3530 ut
879 3469 1066 3555 peregrinus
1081 3486 1115 3537 et
1130 3476 1240 3564 hospes

130 3585 243 3629 earum
262 3586 345 3654 quae
363 3563 415 3624 hic
433 3564 505 3624 sunt
522 3552 777 3645 haereditatum,
803 3587 929 3630 memor
946 3581 1073 3635 tantum
1092 3578 1241 3663 proprio-

128 3688 220 3757 rp1n3
248 3687 330 3752 quae
349 3674 459 3726 autem
477 3661 529 3726 lric
541 3664 614 3728 sunt
629 3669 737 3730 omnia
758 3669 861 3733 aliena
881 3671 1082 3753 existimans,
1110 3679 1241 3742 nonsu-

77 3760 80 3769 ’
126 3768 197 3832 lum
219 3766 342 3831 domini
360 3762 512 3826 mandata
531 3764 709 3848 admirans,
744 3767 799 3832 scd
818 3780 867 3849 et,
902 3783 938 3834 ut
955 3774 1002 3836 ite
1025 3772 1151 3858 dicam,
1185 3801 1241 3864 per

124 3870 225 3957 ipsam
252 3866 465 3950 cognitionem
485 3866 642 3955 particeps
655 3867 790 3935 divinae
811 3873 1004 3954 voluntatis,
1036 3896 1116 3940 vere
1139 3880 1241 3944 sarni-
1277 3894 1280 3899 '

124 3973 213 4036 liaris
229 3970 352 4035 domini
365 3979 397 4030 et
410 3962 636 4051 mendatorum
652 3973 790 4054 electua,
815 3984 853 4035 ut
869 3974 925 4061 qui
939 3975 977 4038 sit
987 3977 1109 4058 justus,
1132 3980 1241 4070 impe·
1278 4012 1284 4025 ·

123 4071 217 4135 randi
238 4084 347 4134 autem
368 4081 401 4132 et
418 4067 574 4150 regnandi
589 4070 762 4157 cupiditate
777 4073 957 4160 praeditus,
984 4087 1021 4140 ut
1034 4080 1094 4163 qui
1105 4082 1144 4145 lit
1155 4104 1241 4164 gno-

124 4172 237 4254 sticua;
265 4180 362 4235 omne
381 4182 546 4257 praeterea
559 4190 691 4257 aurum,
715 4171 805 4262 ,quod
820 4176 866 4241 eil
881 4175 977 4263 super
992 4188 1116 4249 terrm
1131 4195 1167 4251 et
1183 4186 1241 4253 sub
