2572 4770
486 340 490 347 ,
535 262 695 337 summa.
1122 276 1179 363 ts¹

57 437 238 505 hebraeum
259 433 441 503 Pantaenus
461 436 617 505 invenisse
637 442 739 505 fertur
757 464 817 526 -ς
846 439 1003 511 iohannis
1030 452 1182 534 evanga-=

58 538 140 611 lium
154 537 307 605 Clemens
322 549 355 600 et
366 536 525 621 Origenes
540 541 680 627 spiritale
697 549 912 630 nuncupant),
942 559 1070 611 actuum
1090 573 1175 639 apn-
1221 538 1224 543 ι

57 642 217 706 tentorum
240 639 512 728 Paulinarumqns
535 643 740 726 epistolarum
769 647 1011 722 (nonnullarum
1039 656 1103 737 jam
1131 659 1174 721 ab

59 739 283 821 Athenagora)
306 743 469 806 authentia
490 764 508 805 a
527 742 641 805 nostris
668 744 795 824 egregie
820 748 1032 814 confirmatur.
1088 754 1175 842 Epi.

59 841 177 904 stulam
194 838 232 903 ad
250 841 415 907 Hebraeos
429 838 629 921 Pantaenus,
661 843 810 909 Clemens
831 852 935 927 (cujus
956 846 996 911 de
1017 852 1173 922 sententia

59 940 170 1007 Lucas
196 942 361 1029 epistolam
386 965 429 1007 ex
455 942 629 1007 hebraeo'
618 965 652 1006 m
678 965 826 1024 graecum
851 947 1030 1013 sermonem
1049 956 1171 1040 vertit),
1246 942 1254 961 ’

56 1041 235 1123 Dionyiius
248 1055 281 1107 et
292 1040 453 1126 Didymus
462 1044 591 1109 aPaulo
604 1046 744 1129 apoitolo
758 1047 963 1132 conscriptam
974 1053 1037 1112 elle
1052 1051 1171 1141 dicunt,
1266 1114 1271 1129 ,

58 1156 94 1207 et
113 1142 272 1224 Origenes
292 1143 453 1226 concedit3
482 1159 516 1209 et
533 1143 577 1207 ita
597 1141 727 1230 quidem
750 1148 854 1209 schola
873 1147 1094 1216 Alexandrina
1113 1177 1174 1221 eo-

57 1246 175 1310 eleiiae
199 1244 403 1310 occidentalis
418 1245 505 1310 haud
527 1246 662 1325 exiguae
673 1245 757 1332 parti
768 1243 1005 1332 quodammodo
1021 1253 1174 1323 adverta-

58 1359 124 1412 tur
170 1346 253 1412 Nam
275 1348 427 1433 permulti
448 1348 537 1410 illius
553 1367 627 1410 aevu
617 1345 781 1409 Romani
796 1346 972 1425 (Euschh
988 1370 1016 1417 e.
1033 1354 1091 1435 VI,
1109 1373 1176 1444 2⁰3

60 1448 197 1512 Hieron.
218 1450 309 1512 catal.
332 1469 364 1511 r.
381 1447 505 1528 Caius),
534 1445 614 1510 duce
637 1446 713 1527 Cajo
733 1449 921 1533 presbytero
942 1451 1069 1527 (Euleh.
1084 1458 1105 1521 l.
1120 1461 1173 1545 l.,)
1223 1460 1229 1473 '

58 1561 95 1612 et
115 1549 182 1633 ipie
195 1547 416 1619 Tertullianus
438 1547 479 1613 de
503 1545 634 1634 pudicit
659 1569 684 1611 c
702 1561 760 1626 20,
792 1568 834 1610 an
851 1548 970 1617 Paulus
993 1569 1101 1621 auctor
1121 1558 1174 1658 ht

58 1645 159 1712 valde
180 1646 437 1730 dubitarunt-n
416 1669 521 1735 neque
536 1648 688 1714 Irenaeus
716 1648 828 1712 diserte
854 1648 1085 1722 Alexandrinis
1108 1661 1174 1727 ad«.

60 1750 229 1837 ilipulatus
242 1751 296 1813 eft
337 1748 389 1814 Ex
403 1751 549 1836 epiltolis
553 1749 715 1813 catholicis
728 1748 842 1834 prioris
856 1749 942 1813 Petri
951 1758 1098 1839 ,primae
1110 1761 1174 1827 Jo-

59 1850 179 1915 hnnnis
201 1861 234 1912 et
250 1848 355 1913 iudae
373 1873 445 1938 epp.
467 1850 630 1914 authentia
650 1848 880 1912 Alexandrinis
898 1854 1032 1919 minime
1055 1862 1099 1921 eit
1113 1864 1174 1927 iu·-
1198 1869 1203 1878 '

61 1956 184 2040 [peotu3
205 1949 383 2030 necnonda
397 1952 528 2037 reliquis
543 1952 587 2013 ita
600 1947 756 2029 judicant,
783 1962 819 2011 ut
834 1956 1039 2037 comprobare
1052 1961 1175 2046 potius,·

60 2073 160 2141 qnam
187 2051 366 2136 improbare
398 2051 581 2114 canonicam
609 2070 719 2111 earum
744 2052 963 2114 auctoritatem
985 2055 1174 2146 videantur3

60 2158 161 2223 lolam
179 2152 361 2240 posterioris
376 2151 461 2215 Petri
480 2172 531 2238 ep.
553 2152 637 2214 solus
657 2148 817 2231 Didymus
838 2154 1020 2217 canonicam
1038 2159 1100 2223 elie
1117 2158 1174 2229 die

60 2261 144 2323 ierts
160 2265 256 2336 negat
268 2258 418 2338 (eamque
430 2253 557 2338 insuper
568 2247 711 2314 falsatam
725 2253 787 2313 ella
803 2249 908 2332 dicit);
929 2251 984 2316 sed
996 2277 1038 2318 ne
1052 2259 1080 2321 is
1094 2261 1173 2347 qui-

62 2358 138 2423 dem
150 2355 209 2419 fibi
225 2356 358 2441 conitat,
379 2354 461 2416 etin
477 2353 566 2416 libris
579 2351 619 2414 de
632 2352 706 2437 trin.
722 2349 836 2414 diserte
852 2353 944 2416 Petro
956 2375 1032 2418 eam
1049 2360 1172 2430 tribuit.

62 2454 277 2545 Apocalypiin
298 2475 315 2516 a
331 2453 496 2517 Clemente
512 2467 544 2517 et
557 2451 698 2534 Origene
711 2453 959 2539 aequalibusque
972 2458 1050 2522 viris
1066 2473 1098 2524 et
1112 2466 1173 2527 ln.

62 2557 243 2645 periorihus
263 2552 403 2617 Johanni
431 2556 572 2643 apostolo
596 2551 790 2616 uindicatam
813 2552 1003 2639 Dionyiius,
1036 2561 1172 2631 internis

62 2658 238 2723 redonibus
253 2667 448 2734 commotus,
469 2655 694 2718 modestissume
716 2653 747 2715 ei
768 2651 946 2731 abjudicare
964 2657 1077 2743 audet3
1104 2662 1172 2725 Di·-
1254 2669 1261 2685 ⁸

64 2756 181 2841 dymus
193 2778 273 2829 uero
283 2756 458 2841 respectum
477 2778 542 2820 non
558 2760 655 2821 habet
671 2758 766 2834 hujus
787 2755 962 2840 opinionis,
992 2781 1073 2846 quae
1094 2763 1173 2850 qui-

10 2902 23 2926 -,
63 2857 337 2931 dem,nonnullos
354 2853 437 2940 apud
459 2855 610 2938 Manus,
639 2855 723 2942 apud
744 2853 928 2940 Europaeos
949 2880 1124 2945 perpaucos
1137 2876 1172 2928 et

64 2957 147 3049 apud
165 2957 344 3043 Aegyptios
359 2967 391 3018 et
403 2956 571 3022 Africanos
585 2957 692 3022 nullos
702 2953 827 3017 invenit
839 2956 975 3038 inclytos
989 2963 1118 3029 amicos.
1236 3016 1244 3028 ,

42 3109 43 3112 ¹
143 3057 198 3124 De
210 3059 316 3123 critica
328 3060 448 3140 lingula
463 3059 503 3122 ad
519 3061 616 3123 verba
641 3060 799 3144 spectante
821 3058 872 3133 (ut
893 3060 1040 3124 omittam
1060 3066 1172 3134 varia-A

63 3180 133 3224 rum
149 3160 326 3223 lectionum
344 3161 527 3222 thesaurum
546 3161 579 3222 in
592 3151 885 3221 Alexandrinorum
904 3164 1053 3246 operibus
1073 3179 1172 3252 pate.

64 3261 196 3339 inctum)
219 3274 413 3348 quantopere
436 3259 540 3322 schola
560 3260 664 3322 nostra
684 3265 798 3329 merita
815 3261 870 3337 fit,
892 3265 1038 3343 augurari
1052 3268 1170 3352 potius,

64 3383 158 3449 qnam
180 3358 314 3426 definire
334 3364 516 3449 possumus,
543 3361 661 3447 quippe
682 3365 736 3449 qui
757 3363 797 3426 de
820 3360 918 3424 Pierii
943 3385 1040 3452 opera
1063 3368 1170 3430 critico

63 3463 143 3527 nihil
162 3473 196 3526 et
216 3461 257 3524 de
274 3462 414 3546 Origene
439 3480 551 3548 parum
576 3477 774 3550 compertum
794 3465 978 3530 habeamus.
1032 3465 1080 3529 At
1103 3469 1171 3547 jam

62 3565 192 3628 unicum
214 3561 363 3646 Origenis
386 3561 560 3653 hexaplars
584 3583 665 3648 opus
691 3563 780 3629 haud
808 3562 961 3628 mediocri
980 3578 1082 3631 totam
1104 3584 1171 3643 no-⁶
1207 3576 1210 3583 '

61 3665 155 3732 ſtram
164 3686 243 3754 prae
257 3665 369 3732 ceteris
382 3663 521 3731 scholam
536 3662 636 3745 gloria
655 3663 760 3732 critica
771 3666 916 3733 imbuere
927 3667 1023 3732 valet.
