2572 4770
448 376 798 423 „22-

192 528 271 611 Quo
282 538 449 612 ternpore,
469 520 667 612 sipraefrig
690 518 890 608 praefuerit,
913 519 1067 610 hilariam
1083 514 1180 613 opi-'

96 625 213 695 aiones
242 624 478 707 diffinduntnr3
525 622 701 712 Philippus
729 622 903 691 Hadriano
930 636 963 690 et
982 623 1158 692 Antonino

96 726 201 806 (Pio)
216 728 489 818 imperatoribus,
512 719 680 814 inscriptio
699 748 782 793 vcro
802 726 956 793 codicum
972 726 1160 795 manuscri-

96 843 251 917 ptorum,
288 828 524 916 Athenagorae
548 826 721 917 apologiae
745 827 915 915 praefixa,
951 829 1001 896 Μ.
1014 826 1159 896 Aurelio

95 931 277 1003 Antonino.
296 925 537 1019 (Philosopho)
567 943 601 999 et
616 929 661 998 L.
671 929 813 1000 Aurelio
831 929 1022 999 Commodo
1040 932 1160 1018 apolo-

96 1035 185 1121 giam
197 1022 380 1102 dedicatam
400 1032 520 1101 csseah
532 1030 751 1122 Athenagora
763 1032 851 1100 dicit.
900 1035 1068 1103 unvero
1081 1046 1159 1100 anta

48 1190 51 1195 .
95 1159 225 1205 annum
244 1136 434 1205 CLXXVI.
467 1136 712 1225 apologeticum
741 1135 967 1222 conscriptum
994 1137 1058 1202 else
1087 1157 1159 1203 non

19 1292 24 1323 ,
95 1241 206 1327 polle,
229 1236 583 1307 ollanditMoaliemius
602 1238 893 1319 (hliumans).
941 1237 1076 1305 Floruit
1094 1237 1160 1326 igi-

29 1350 33 1361 '
94 1355 153 1407 tur
169 1339 403 1427 Athenagoras
413 1340 513 1408 seculi
527 1339 664 1409 secundi
676 1340 782 1407 altero
802 1339 950 1409 dimidio·

191 1440 342 1509 Omnino
373 1440 569 1512 dubitationi
593 1465 702 1533 acqua
719 1443 919 1530 ampliorem
944 1442 1060 1508 locum
1078 1438 1161 1506 ilare

95 1567 156 1609 nos
177 1558 308 1631 oportet
324 1543 622 1632 tlo.Atlrenagora‚-,
641 1567 741 1636 quern
759 1544 893 1631 quidem
909 1566 1010 1637 nemo
1023 1558 1161 1632 patrum

95 1661 337 1731 commemorat
364 1661 496 1735 praeter
526 1647 721 1739 Philippum
740 1646 872 1714 Side-ten
892 1647 915 1711 l.
927 1646 950 1712 l.
972 1659 1004 1712 et
1023 1645 1161 1712 Metho-

36 1804 40 1811 .
55 1820 59 1829 ¹
95 1746 405 1816 diumPatarensem
418 1750 460 1816 d'e
472 1749 715 1818 resurrectione
726 1748 816 1837 apud
826 1747 1053 1861 Epiphaniam
1067 1745 1161 1811 haer.

84 1847 228 1929 nxlv,
245 1872 303 1917 21.
325 1864 359 1919 et
371 1852 461 1940 apud
475 1850 633 1920 Photiurn
646 1850 720 1917 cod.
734 1848 818 1932 234.
840 1844 968 1940 p.9o8.
995 1846 1072 1929 (Cf.
1084 1848 1161 1913 edit.

93 1948 324 2040 Aruphilochii
337 1966 369 2020 et
385 1954 549 2041 Methodii
564 1976 709 2044 operum
723 1953 957 2031 inventorum,
983 1970 1085 2038 quam
1099 1972 1162 2014 cu-

60 2056 67 2147 ]
94 2055 186 2121 ravit
208 2054 270 2123 Fr.
291 2046 525 2137 combefisius,
567 2056 699 2127 Parisiis
728 2055 833 2138 ¹544·
862 2075 897 2141 p.
912 2048 1017 2140 307).
1083 2053 1162 2118 Hoc
1195 2088 1200 2097 ι

95 2157 276 2242 posteriore
294 2158 371 2221 loco
390 2158 550 2242 legimus:
586 2148 670 2223 “ore
693 2151 785 2237 φησίν
810 2153 873 2232 (sc.
887 2152 1120 2234 Methodius)·
1143 2152 1162 2220 ὅ

96 2249 246 2331 διάβολός
261 2256 330 2320 ἐστι
342 2255 472 2345 πνεῦμα
484 2248 559 2347 trapi
571 2245 629 2335 mir
646 2247 720 2333 ὅλην
735 2244 902 2343 ’γενὸμενον
916 2243 979 2320 virro*
994 2253 1055 2322 rati
1069 2254 1161 2337 tros,

15 2386 18 2391 ·
54 2426 60 2461 ι
95 2348 246 2446 καθᾶπερ
262 2350 316 2420 aul
330 2349 534 2447 Ἀθηναγὸρῳ
546 2356 674 2442 ἐλέχθη
688 2380 717 2420 κ.
733 2382 767 2421 τ.
780 2356 811 2420 λ.
862 2357 962 2444 Quae
977 2357 1083 2451 verba
1098 2380 1162 2446 po-

95 2462 212 2525 strema
235 2454 511 2527 verisimillimum
533 2461 576 2525 est
593 2457 703 2527 addita
721 2459 785 2525 effe
807 2479 875 2524 non
896 2480 917 2524 a
936 2457 1073 2542 Phario,
1104 2459 1162 2546 qui

96 2558 265 2649 quomodo
281 2574 420 2648 repente
438 2561 473 2629 iu
495 2558 747 2649 Athenagoram
761 2560 931 2640 inciderit,
963 2564 1062 2649 qu'em
1078 2584 1163 2627 nus-

96 2684 198 2748 quam
211 2660 290 2729 alibi
306 2677 566 2744 commemorat,
591 2686 660 2729 non
673 2663 885 2752 intelligitur,
913 2662 969 2729 sed
989 2684 1010 2728 a
1026 2663 1163 2731 Metho-

96 2762 170 2845 ‹lio;
202 2764 235 2829 id
251 2764 340 2852 quod
354 2765 454 2854 supra
475 2765 717 2834 dubitationem
732 2766 873 2832 effertur
888 2765 1006 2831 eodem
1027 2764 1165 2833 Metho-

96 2866 140 2931 dli
155 2866 229 2937 loco
252 2867 602 2956 apudEpiphanium.
630 2865 689 2934 ubi
710 2868 835 2956 pariter
849 2865 1084 2955 Athenagoras
1102 2891 1164 2934 ex-

95 2968 217 3033 citatur
232 2968 284 3035 his
298 2969 423 3036 verbisz
464 2960 570 3037 Ts'otir
585 2969 603 3037 ὁ
616 2962 726 3038 traieci
732 2993 765 3046 ος
778 2968 927 3059 λέξεως
959 2967 1091 3059 πνεῦμα
1102 2995 1163 3036 rra·

96 3064 127 3158 pl
145 3058 202 3147 rrJr
219 3063 294 3148 ὕλην
310 3064 406 3155 ἕχον,
431 3063 584 3163 καθάπερ
603 3071 752 3157 ἐλέχθη,
777 3059 805 3136 al
822 3062 1041 3161 Ἀθηναγόρα,
1070 3062 1164 3153 γενέ-

96 3158 187 3256 passv
208 3161 281 3237 ύπδ·
292 3173 352 3239 τοῦ
366 3172 463 3253 θεοῦ,
493 3173 552 3243 ubi
575 3187 686 3241 autem
703 3179 771 3241 fine
788 3172 888 3242 dubio
901 3186 994 3240 recte
1007 3172 1164 3259 reactus

96 3271 146 3360 τῷ
158 3265 360 3363 Ἀθηναγὸρῳ
379 3274 590 3345 scribendum
607 3278 671 3344 effe
683 3276 874 3365 suspicatur.

192 3375 334 3463 Reliqua
348 3377 389 3442 de
403 3378 637 3467 Athenagora,
662 3401 768 3467 eaque
782 3379 906 3457 omnia,
928 3388 966 3444 nt
977 3396 1040 3465 per
1054 3372 1087 3438 se
1100 3395 1164 3462 ap-

101 3476 248 3562 parebit,
274 3501 341 3547 non
356 3479 430 3546 satis
445 3470 554 3559 certa,
578 3481 703 3571 quippe
715 3503 800 3569 qnae
815 3480 936 3568 partim
951 3476 1165 3564 inscriptione

85 3579 309 3668 apologetici,
339 3582 463 3669 partim
481 3584 628 3672 Philippi
646 3584 777 3650 Sidetas
791 3581 986 3673 anctoritate
1004 3579 1164 3656 nitantur,

96 3680 170 3748 suut
192 3678 332 3747 haecce:
368 3683 620 3773 Athenagoram
640 3682 783 3753 Athenis
805 3697 920 3751 natum
935 3684 1015 3764 atre,
1046 3681 1164 3747 titulus

9 3808 13 3815 ·
96 3784 269 3873 apologiae
291 3785 464 3872 praefixus
485 3788 581 3854 docet
597 3778 828 3877 (Ἃθηνκγόρου
844 3779 1009 3866 Ἀθηναίου
1030 3773 1164 3867 φιλοθέ-

97 3882 161 3965 φου
187 3886 375 3976 χᾴιστιανοῦ
407 3884 563 3976 πρεσβεία
584 3881 660 3977 trapi
680 3888 876 3975 χριστιανόν
902 3910 979 3954 m.
995 3888 1046 3964 λ.,
1078 3906 1166 3973 quae

98 3986 201 4054 verba
217 3988 454 4087 perspicuitatis
480 3991 576 4058 rausa
598 3991 641 4085 iu¹
654 3988 746 4056 huuc
771 3990 908 4054 modum
927 3982 1185 4080 interpungere‘

97 4088 228 4159 malim:
260 4082 488 4182 Ἀθηναγὸρου,
512 4081 701 4175 Ἀθηναίου,
726 4080 930 4177 φιλοσόφου,
961 4088 1164 4181 memorati,

96 4194 134 4257 s'r.
148 4214 186 4256 π.
197 4190 268 4276 χ.).
325 4192 437 4285 Ipsum
466 4209 544 4265 ante
565 4194 720 4288 gentilem
739 4193 781 4263 ad
799 4186 997 4282 religionem
1019 4189 1166 4259 christun-
1202 4186 1206 4201 '

97 4296 176 4361 iram
208 4297 407 4366 couversom
437 4296 548 4384 fuisse,
590 4294 766 4386 Philippus
797 4294 848 4363 his
874 4308 1012 4363 enarrat
1034 4292 1164 4361 vorbis:

334 4466 448 4587 „r
