2572 4770
507 237 707 320 ιὲιιιιιιιιιι.Ι
1102 264 1175 336 tot
1225 246 1229 256 ⁴

61 424 203 513 lestissj'
204 450 318 496 omoee
336 406 528 518 purgantur,
564 430 728 518 etiamque
746 378 906 498 latitud
883 430 1002 524 impiae
1022 439 1175 535 supplicio

62 532 104 596 ad
120 533 352 619 poenitentiam
374 520 539 596 ducentur.
588 528 787 596 Resurrectio
805 533 1047 618 (Athenagoras
1056 520 1176 605 desed-

62 632 110 696 dit
130 635 391 697 resurrectionem
405 630 507 696 earnis
519 634 718 711 argumentis
737 653 757 698 ιι
774 634 897 699 ratione
913 634 1074 721 deductio)
1093 662 1176 707 con·

61 733 205 797 tenditur
222 738 261 798 ab
276 733 417 816 Origene
433 735 538 833 (cujus
551 730 748 798 adversariis
760 732 904 821 posthoc·
901 734 1092 806 Methodiue
1102 743 1178 807 snr-

60 834 159 914 rexit)
178 848 211 897 et
229 825 373 918 Didymo
394 823 597 924 (quibuscum
612 830 780 917 Clemerie,
807 836 863 924 qui
877 839 1037 919 obscurius
1053 840 1115 906 hoc
1133 840 1177 907 de

62 938 211 1018 dogmate
230 941 388 1026 loquitor,
420 939 455 1000 ιιι·
477 926 573 1001 rebue¹
591 936 789 1015 purioribus
812 936 976 1020 convenit)
995 932 1176 1023 eorundem

60 1043 239 1102 nostrorum
253 1056 439 1126 corporum,
468 1026 524 1100 se'd
537 1036 724 1122 spiritalium
743 1036 812 1118 (et
800 1047 845 1100 ιιι
858 1033 988 1127 quidem
1001 1041 1099 1107 etiarn
1112 1046 1175 1110 hae

60 1142 96 1203 in
117 1139 259 1205 doctrina
273 1139 371 1205 nostri
387 1134 533 1203 medium
545 1128 658 1200 locum
676 1148 786 1201 tenent
801 1138 886 1202 inter
897 1142 1053 1222 gnosticos
1066 1155 1177 1210 etoc·
1261 1226 1264 1231 Ι

62 1241 262 1323 cidentales).
316 1240 467 1305 Cereales
481 1235 538 1302 do
548 1252 648 1318 regno
669 1230 794 1303 Christi
800 1241 982 1305 millenario
1002 1240 1175 1331 opinioned

62 1342 212 1409 Clemens
223 1352 296 1405 non
313 1343 428 1422 habet,
457 1351 490 1405 et
510 1330 685 1419 Origenes,
713 1340 838 1427 quotiee
851 1360 911 1406 eae
930 1356 1173 1435 commemorate

61 1445 244 1508 confotae·
267 1439 465 1508 Fortissimus
490 1450 525 1505 et
549 1436 792 1524 saplentifflrnue
812 1444 922 1530 postea
948 1441 1175 1515 chiliastarum

61 1546 214 1632 (Nepotis
243 1545 467 1631 aliorumque)
490 1538 655 1602 doetrinae
682 1532 878 1608 adversarius
903 1544 965 1609 suit
988 1544 1174 1633 Dionysiut,'

61 1667 111 1709 cur
102 1645 287 1728 Didymus
305 1643 510 1730 adstipulatus
532 1640 587 1703 est.
635 1638 712 1704 Post
721 1644 985 1712 resurrectionem
1002 1646 1175 1718 habebitur

59 1745 214 1827 judicium
232 1744 367 1826 (Clam,
387 1742 493 1823 Orig.,
515 1735 629 1823 Did.),
655 1760 794 1828 quocum
812 1743 970 1827 Origenes
990 1751 1047 1830 (an
1061 1749 1173 1837 Didy-

59 1867 133 1910 mus
150 1847 348 1924 assentiatur,
376 1841 512 1906 dubium
531 1841 590 1920 est)
606 1840 767 1922 conjungit
781 1845 894 1909 mnndi
910 1848 1043 1915 risibilia
1055 1850 1174 1929 interi-

58 1959 129 2009 tum
149 1947 261 2031 <aloem
276 1944 426 2009 Clemens
446 1954 520 2005 ante
534 1942 796 2007 resurrectionem
814 1947 924 2032 ponit,
950 1944 1065 2015 instare
1086 1953 1173 2018 aise-

60 2067 134 2109 rene
151 2047 251 2107 finem
269 2042 399 2124 mundi,
428 2041 798 2130 quandononampliua
812 2046 868 2132 qni
880 2047 923 2109 sal
942 2058 1045 2112 terrae
1059 2052 1173 2116 nomi-

59 2145 129 2208 nari
155 2145 271 2231 possint
297 2145 330 2207 in
358 2166 397 2207 eo
423 2146 603 2221 versentur,
638 2142 832 2207 conveniens
851 2144 922 2209 -hoc
944 2145 1016 2211 loco
1043 2141 1184 2219 scholae¹

57 2246 306 2310 Valentinianae
324 2242 459 2324 dicenti,
484 2244 584 2306 finem
596 2241 712 2307 mnndi
725 2243 866 2324 irruere,
880 2243 1022 2333 quando
1037 2262 1171 2319 naturae

58 2348 232 2435 spiritales,
266 2345 349 2425 sale,
382 2366 446 2431 quo
469 2343 653 2407 universum
674 2344 887 2424 contineatur,
921 2344 1093 2434 adempto,
1126 2353 1171 2418 ad

56 2448 273 2512 maturitatem
287 2445 491 2530 pervenerint
503 2477 546 2493 —-
558 2442 682 2510 Neand.
693 2441 801 2507 Gnost.
816 2440 898 2525 syn.
912 2465 944 2532 p.
958 2455 1028 2514 141.
1039 2462 1099 2519 att
1108 2481 1171 2538 -3

58 2563 223 2638 praeterea
233 2547 381 2612 Clemens
394 2543 473 2607 dum
489 2542 598 2623 docet,
611 2538 748 2624 lingulas
760 2543 944 2608 sabonarias
955 2568 1039 2613 nnrrc
1051 2553 1170 2625 mixtas

57 2648 230 2737 aliquando
257 2639 437 2710 reversuras
458 2647 522 2710 esse
541 2646 577 2710 in
598 2648 686 2709 suam
710 2641 953 2732 proprietatem,
989 2649 1042 2714 hie
1063 2656 1171 2721 verbis

35 2752 131 2817 tsatis
160 2770 233 2813 curn
258 2745 397 2812 Basilide
425 2745 635 2829 congruit-
660 2744 784 2812 Neand.
812 2745 879 2810 tl.
907 2768 940 2833 p·
964 2759 1014 2815 87.
1037 2763 1077 2820 79
1092 2758 1191 2836 -)‚.

57 2852 145 2917 Tum
152 2842 300 2930 Originis
314 2846 585 2933 opinioneomnes
592 2846 658 2928 igni
667 2843 949 2927 examinabuntur,
966 2848 1013 2936 pii
1026 2863 1062 2914 ut
1071 2854 1170 2922 etiam

56 2952 160 3033 magis
176 2960 348 3037 purgentur
357 2995 366 3027 ,
386 2947 478 3033 impii
492 2959 528 3009 ut
542 2945 656 3009 fraude
671 2948 723 3010 sua
737 2947 972 3027 cognoscantur.
1019 2948 1095 3016 sant·
1112 2955 1169 3036 (de

59 3053 236 3119 Clementis
246 3050 412 3136 multoque
427 3047 557 3111 clariore
571 3045 720 3127 Origenie
736 3048 904 3129 sententia)
923 3050 1051 3136 piorum
1063 3056 1170 3141 beata,

56 3153 233 3239 impiorum
246 3149 376 3228 misera,
398 3145 528 3236 quaein
543 3146 657 3227 ingene
674 3146 765 3213 durat
778 3151 938 3231 seculum,
960 3151 1027 3215 vita
1040 3152 1170 3224 initium

60 3253 181 3340 capiet,
208 3254 297 3330 cujus
317 3246 559 3334 adescriptiooe
574 3248 748 3330 Origenes,
775 3249 823 3313 uti
842 3248 961 3337 ubique
975 3253 1072 3334 solet,
1093 3278 1170 3322 cor-

57 3374 173 3442 poreae
187 3352 332 3415 notiones
347 3363 490 3414 accurate
503 3351 633 3436 separat.
675 3350 855 3431 Postremo,
879 3363 915 3415 ut
929 3350 1078 3436 origenis
1092 3358 1169 3443 opi-

56 3455 114 3523 nio
128 3452 216 3531 tulit,
243 3453 312 3537 post
327 3453 406 3516 alios
417 3453 539 3514 interea
552 3447 690 3515 munder
706 3451 836 3516 fortasse
849 3449 990 3532 deletos,
1017 3456 1169 3523 omnibu·

57 3541 212 3622 creaturis
230 3574 343 3618 revera
361 3551 536 3642 purificatis
556 3564 651 3639 atque
672 3548 792 3616 diaboli
805 3551 904 3653 etiam
918 3552 1040 3618 malitia
1052 3550 1170 3641 delete,

56 3725 258 3753 m

29 3844 37 3867 ⁶
91 3835 120 3905 s)
137 3835 183 3890 De
200 3831 263 3904 igni
283 3831 407 3904 quodam
425 3832 593 3905 purgatorio
609 3829 767 3889 sententiae
781 3830 864 3900 suar,
886 3845 941 3903 pro
962 3826 1104 3903 ruinaque
1119 3846 1169 3888 ιι.

125 3920 215 3974 bitrio
235 3920 390 3987 formatae,
416 3918 522 3974 debent
534 3921 723 3974 Alexandrini
743 3916 890 3988 imprimit
911 3913 1044 3984 religioni
1058 3916 1168 3974 Zoroa-

127 4003 206 4074 ltrir,
234 4006 351 4070 cujuee
373 4005 495 4060 decretis
516 4008 690 4077 postremam
705 4006 843 4062 Ormurdi
863 4001 1033 4069 victoriam,
1067 4005 1167 4063 omnia

126 4092 280 4160 quaesunt
295 4091 390 4161 specie
403 4091 500 4147 divine
513 4102 700 4163 ornaturam,
727 4092 885 4165 praecedet
899 4088 1166 4167 communicesque
1194 4116 1198 4122 ¹

124 4175 256 4235 universe
269 4177 382 4250 ngentt
395 4178 510 4252 ignium
519 4178 584 4237 ritu
597 4178 753 4237 assidendo
765 4177 910 4252 manto.
1039 4168 1043 4175 ’

738 4264 790 4331 Ge
