2572 4770
97 272 147 345 26
478 258 564 353 Gap.
588 260 622 332 Ι.
674 259 821 331 Critiea.
902 342 905 347 1

97 460 131 512 et
142 441 331 510 tebemsesu
344 440 472 507 beatum
489 437 627 545 denique
639 444 680 504 ob
695 443 793 503 risam
809 451 903 527 atque
917 437 1060 503 auditam
1074 444 1213 505 revela-

95 554 229 616 tionem.
279 544 328 607 Ae
346 543 499 629 plurimos
519 538 649 626 quidem
668 544 762 605 suisl'e
782 543 894 627 opinor
909 543 1049 604 lobanni
1063 547 1210 628 apostolo

66 716 70 722 ,
96 648 317 732 cognomines,
331 646 385 733 qui
399 656 526 730 propter
537 646 724 724 [iugularem
738 664 811 723 erga
825 645 917 705 illum
932 647 1209 727 benevolentiam,

42 832 50 853 ο
96 766 130 818 et
144 749 231 839 quod
245 748 409 810 homiuem
424 746 615 806 mirarentur
632 766 667 806 ac
680 745 886 830 suspicerent,
909 757 941 806 et
958 744 1095 829 perinde
1111 757 1209 834 atque

95 857 152 921 ille
171 877 189 916 a
211 850 340 915 domino
362 845 449 923 diligi
467 847 640 923 ambirent,
677 847 737 907 boc
759 858 1005 924 cognomentum
1025 844 1209 908 adamave-

95 960 179 1034 rint3
201 944 471 1039 quemadmodum
487 966 529 1006 ex
543 943 686 1007 fidelium
700 948 807 1011 liberis
823 944 941 1009 multos
950 948 1039 1009 Pauli
1054 948 1209 1034 Petrique

95 1056 277 1123 nominibus
295 1051 469 1138 appellatos
489 1043 645 1108 videmus.
697 1047 749 1108 Etr
771 1051 866 1111 otiam
888 1050 969 1109 alius
985 1048 1152 1112 lohannes
1173 1053 1208 1112 in

96 1161 216 1223 actibus
238 1152 449 1239 apostolorum
468 1159 677 1227 cognomento
697 1147 837 1228 lllarcus,
867 1171 964 1236 quem
987 1147 1152 1210 Barnabas
1174 1162 1208 1212 et

40 1286 45 1295 ·
94 1261 213 1326 Paulus
236 1254 384 1317 comitem
409 1251 465 1312 srbi
488 1248 717 1327 adjunxerunt,
746 1248 786 1311 de
807 1273 870 1336 quo
891 1251 987 1312 etiam
1002 1253 1108 1312 rursus
1123 1250 1208 1312 dici-

93 1374 163 1426 tur:
186 1358 352 1421 Habebunt
367 1363 473 1412 autem
487 1350 666 1412 iohannem
680 1351 867 1415 ministrum.
917 1353 970 1415 An
994 1353 1047 1413 bie
1068 1353 1125 1430 sit,
1150 1353 1206 1439 qui

93 1459 325 1526 revelationem
339 1452 469 1536 scripsit,
487 1451 567 1512 milri
585 1473 648 1512 non
667 1452 781 1536 liquet·
819 1453 930 1537 Neque
946 1453 1034 1513 enim
1049 1473 1114 1513 una
1131 1474 1208 1516 cum

1 1562 3 1568 ’
81 1565 156 1628 illis
170 1563 205 1623 in
220 1557 329 1620 Asiam
342 1554 461 1616 venisse
473 1554 665 1635 perbihetur.
712 1549 777 1614 Sed
800 1574 871 1613 cum
889 1552 1064 1630 solvissent,
1088 1555 1206 1640 inquit,

92 1662 257 1747 ³11³pr
293 1655 412 1719 Paulus
439 1648 569 1737 quidem
587 1652 710 1731 Pergen
730 1652 939 1737 Pamphyliae
959 1654 1122 1736 profectus
1148 1657 1207 1733 est,

92 1767 256 1833 lohannes
277 1777 354 1819 vero
376 1749 543 1815 discedens
564 1755 605 1814 ab
627 1754 691 1815 illis
708 1755 849 1816 reversus
869 1756 913 1816 est
935 1753 1205 1836 Hierosolymam.

92 1868 206 1935 Alium
222 1860 317 1942 igitur
338 1857 400 1916 esse
422 1837 549 1932 censeri,
579 1876 680 1953 unum
699 1856 815 1918 scilicet
836 1877 965 1933 eorum,
996 1856 1107 1940 quiin
1125 1858 1205 1923 Asia

92 1967 206 2032 versati
221 1965 301 2025 sunt.
345 1956 419 2019 Duo
436 1955 521 2016 enim
535 1953 620 2047 apud
627 1955 787 2043 Ephesum
801 1958 940 2042 sepulcra
956 1957 1051 2017 fuisse
1065 1956 1206 2019 tradun-

92 2084 156 2148 tur,
168 2057 499 2146 utrumqueJobarmis
512 2059 642 2118 nomine
655 2060 846 2138 insrgnitum.
877 2059 927 2121 Ex
941 2059 1104 2120 sententiis
1117 2082 1206 2144 qoo-

92 2192 155 2260 que
176 2181 210 2231 et
231 2187 250 2229 e
268 2161 374 2226 verbis
396 2179 569 2241 eorumque
591 2160 760 2221 collatione
780 2160 872 2220 focile
895 2157 1077 2235 conjicitur,
1116 2160 1204 2221 lrune

93 2280 269 2355 (auctorem
295 2263 531 2344 apocalypseos)
563 2261 602 2319 ab
630 2261 687 2320 illo
715 2262 885 2345 (apostolo)
911 2257 1070 2322 diversum
1095 2259 1202 2324 fuisse.

91 2374 176 2441 Nam
191 2364 394 2442 evangelium
414 2371 447 2421 et
466 2360 596 2445 epistola
614 2361 671 2422 srbi
685 2373 796 2421 mutuo
814 2363 1001 2437 consonant,
1032 2370 1064 2422 et
1084 2358 1203 2423 eodem

91 2472 259 2539 ordiuntur
280 2461 376 2526 urodo
399 2463 453 2538 (cf.
470 2481 519 2522 ev.
534 2462 606 2525 tou.
620 2460 646 2533 I,
666 2477 679 2528 1
707 2473 738 2524 et
755 2481 805 2546 ep.
824 2475 837 2528 1
855 2460 927 2526 Joh.
945 2457 971 2537 I,
990 2472 1025 2537 ¹3
1053 2480 1103 2522 ev.
1128 2461 1200 2539 Joh,

90 2577 119 2656 I,
136 2582 173 2641 14
195 2582 228 2633 et
248 2588 299 2655 ep.
325 2563 427 2649 llob.
450 2559 475 2638 I,
492 2575 521 2626 2.
547 2569 642 2639 3)...
700 2560 766 2641 Qui
793 2573 914 2624 attente
941 2563 1131 2646 perlegerit,
1166 2564 1202 2626 in

90 2691 227 2760 utroque
244 2675 307 2748 (or.
320 2676 353 2724 et
367 2665 432 2748 ep.)
446 2662 570 2749 saepius
585 2663 701 2740 yitam,
723 2663 845 2742 lucem,
858 2665 968 2742 sogam
983 2666 1200 2744 tenebrarum,

90 2779 274 2861 frequenter
287 2766 472 2840 veritatem,
496 2765 645 2845 gratiam,
668 2761 837 2842 gaudium,
867 2784 993 2827 carnem
1015 2775 1049 2826 et
1068 2767 1201 2845 sangui-

90 2899 168 2943 nem
188 2869 327 2946 domini,
360 2865 530 2949 judicium,
557 2875 758 2949 peccatorum
777 2868 1008 2942 remissionem,
1038 2862 1102 2926 Dei
1127 2886 1200 2946 erga

90 2996 153 3043 nos'
166 2972 389 3045 dilectionem,
418 2980 549 3031 mutuae
571 2970 655 3031 inter
675 2991 733 3032 nos
755 2965 932 3030 dilectionis
947 2977 1153 3052 praeceptum
1167 2979 1201 3029 et

88 3079 235 3144 universa
251 3082 417 3160 praecepta
432 3065 584 3130 servanda
597 3072 659 3131 esse
674 3070 820 3155 reperiet.
873 3065 929 3131 Ad
948 3070 1027 3132 baec
1040 3066 1200 3130 condem-

88 3179 227 3244 nationis
252 3173 393 3250 elogium
421 3168 570 3232 adversus
590 3166 764 3245 mundum,
802 3167 964 3233 diabolum
989 3181 1021 3231 et
1041 3169 1199 3230 antichri-

89 3285 187 3358 stum,
209 3275 370 3367 promissro
386 3274 481 3336 sancti
495 3271 638 3356 spiritus,
660 3267 789 3356 adoptio
801 3272 939 3335 srliorum
956 3269 1035 3347 Dei,
1065 3267 1147 3331 fides
1163 3269 1199 3331 in

88 3383 268 3447 omnibusa
285 3376 377 3437 nobis
395 3372 599 3458 praestanda,
627 3383 718 3458 pater
737 3384 770 3433 et
791 3374 877 3433 filius
899 3371 1015 3456 ubique
1030 3370 1199 3449 nominati,

88 3487 125 3551 in
143 3496 278 3568 utroque
294 3477 404 3562 passim
420 3488 595 3543 occurrunt.
646 3472 795 3560 Denique
814 3474 847 3534 in
868 3473 1034 3549 omnibus,
1067 3471 1091 3533 li
1114 3483 1200 3534 reete

88 3580 339 3656 examinaveris,
382 3598 465 3638 unus
496 3573 646 3663 idemque
676 3575 840 3659 utriusque
870 3573 1045 3657 scriptionis
1072 3574 1199 3653 genius,

88 3685 249 3769 evangelii
268 3679 420 3743 nimirum
442 3690 474 3739 et
496 3679 662 3762 epistolae,
690 3672 857 3738 evidenter
878 3686 1017 3759 apparet.
1061 3673 1199 3759 Apoea-

87 3792 185 3877 lypsis
204 3806 281 3848 vero
303 3784 341 3843 ab
360 3781 411 3842 his
432 3782 556 3864 prorsus
572 3778 676 3841 aliena
689 3778 778 3841 estet
793 3788 959 3852 extranea3
983 3778 1071 3839 nulla
1084 3777 1198 3839 neces·-

10 3942 14 3953 .
87 3889 225 3954 situdine
240 3896 295 3948 aut
309 3883 471 3945 vicinitate
487 3882 672 3960 contingens
689 3876 862 3964 quidquam
875 3898 916 3939 ex
930 3876 1131 3963 sopradictis3
1143 3874 1146 3881 “
1160 3898 1196 3939 ae

88 4013 131 4054 ne
145 3993 297 4072 syllabam
315 3983 444 4072 quidem
460 4003 557 4043 unam
572 4003 643 4042 cum
656 3981 720 4044 illis
732 3999 934 4042 communem
948 3976 1080 4041 habens.
1131 3976 1197 4040 Sed

88 4112 193 4178 neque
215 4091 345 4176 epistola
368 4085 424 4166 (de
447 4085 612 4164 evangelio
626 4083 713 4145 enim
726 4083 806 4144 nihil
822 4080 906 4159 dico)
928 4082 1126 4142 mentionem
1140 4082 1196 4139 ul-

87 4195 154 4258 lam
177 4202 233 4254 aut
256 4189 514 4270 significationem
540 4185 615 4247 sarit
640 4184 878 4269 apocalypseos,
914 4203 973 4245 nec
1000 4180 1195 4266 apocalypsis
