2572 4770
176 224 223 365 '¹
309 286 480 382 Origenes
505 285 700 398 (Angebat
713 284 952 380 Daemones).
1076 291 1187 365 ‘225

75 471 118 540 nd
131 474 259 536 'volatus
269 471 439 556 variosque
451 481 559 534 motus
573 479 756 557 comparant
772 461 997 555 (spinosorum
1026 480 1065 532 ut
1074 467 1188 532 homi·
1268 507 1271 511 ·

76 594 137 639 nes
152 574 214 635 hoc
230 571 436 637 divinationis
456 590 575 652 genere
596 572 681 657 capti
693 570 801 656 Deum
821 569 1091 643 rarumomnium
1109 591 1188 634 mo-

78 672 261 738 deratorem
277 694 318 734 ne
333 683 502 758 quaerant,
516 690 743 757 nequsrerum
754 674 825 750 ¹(ejus
836 671 959 733 cultum
972 683 1083 735 curent
1096 673 1189 757 ipso-

77 792 215 858 rumque
228 773 309 835 ratio
322 773 356 834 in
371 785 488 836 terram
505 769 627 849 dejecta
640 770 674 833 in
691 771 818 851 avibus,
845 770 1051 852 draconibus,
1072 772 1189 859 vulpi-

78 876 138 938 bus
155 871 300 935 etiamst
317 876 401 961 lupis
414 871 624 960 occupetur.’'
664 872 784 934 Homil.
798 871 874 953 XV,
894 884 911 939 5
929 873 1047 938 indus..
1064 875 1128 937 rol.
1141 871 1187 954 H,
1219 951 1221 957 Ι

80 979 162 1041 tat:
194 970 303 1035 '’lllihi
317 973 522 1037 videturesse
536 969 681 1035 infinitus
696 971 826 1059 quidam
840 995 993 1052 numerus
1010 975 1189 1038 contraria·-

78 1092 152 1136 rum
167 1072 341 1154 virtutum,
367 1095 427 1160 pro
449 1094 488 1138 eo
510 1069 598 1159 quod
615 1091 673 1158 par
684 1062 824 1152 singulos
838 1095 942 1158 paene
953 1075 1102 1138 homines
1113 1077 1190 1140 sunt

76 1174 208 1259 spiritus
234 1174 350 1260 aliqui,
387 1172 509 1236 diversa
531 1173 567 1235 in
589 1172 630 1235 iis
649 1184 851 1258 peccatorum
868 1194 987 1256 genera
1005 1174 1191 1242 inolientes.

77 1275 181 1339 Verbi
203 1277 293 1337 causa
312 1277 358 1337 en
373 1274 489 1361 aliquis
506 1273 723 1338 fornicationis
738 1273 880 1361 spiritus,
913 1277 959 1339 ell
976 1275 1042 1340 bae
1060 1277 1190 1365 spiritus

79 1373 181 1452 alius,
213 1376 259 1437 est
279 1376 431 1439 avaritiae
452 1376 597 1461 spiritus,
626 1374 709 1438 alius
726 1394 806 1437 vero
823 1375 996 1462 superbiae.
1018 1425 1026 1441 .
1048 1426 1056 1442 .
1105 1380 1190 1446 Puto

77 1474 260 1562 principem
287 1477 418 1561 quidem
445 1476 663 1557 fornicatiouis
689 1476 834 1560 spiritum
854 1478 1054 1560 nonnette,
1084 1482 1191 1546 iunu-
1238 1481 1241 1487 ’

77 1597 189 1640 meros
210 1596 287 1639 vero
306 1581 369 1641 esse
386 1578 441 1664 qui
463 1577 499 1640 in
517 1577 579 1639 hoc
594 1575 625 1638 ei
639 1575 745 1638 officio
762 1590 911 1661 pareant,
934 1590 966 1643 et
978 1598 1036 1665 per
1048 1579 1192 1664 singulos

79 1697 227 1764 quosque
249 1678 397 1742 homines
419 1677 534 1741 diversi
554 1676 681 1763 spiritus
698 1678 755 1738 sub
776 1695 816 1740 eo
836 1680 980 1766 principe
1001 1681 1190 1765 militantes,

79 1776 127 1851 ad
141 1779 365 1855 hujuscemodi
381 1800 437 1842 eos
452 1789 580 1864 peccata
596 1775 799 1840 sollicitent.;
844 1776 1004 1869 ¹Similiter
1024 1793 1057 1844 et
1078 1828 1110 1846 ..
1130 1805 1192 1848 ce-
1226 1790 1228 1799 ’

79 1890 224 1949 terarum
239 1879 439 1957 malorum„
482 1878 532 1941 De
544 1877 642 1963 princ.
656 1875 715 1953 lll,
730 1889 760 1956 2,
778 1891 805 1942 1.
822 1891 851 1944 2.
874 1901 905 1964 p.
924 1890 991 1946 tas.
1008 1892 1066 1947 139
1080 1895 1192 1949 autem

79 1980 163 2043 haec
182 1981 280 2041 verba
299 1979 391 2040 facit:
425 1977 674 2062 ”simpliciores¹
690 1977 808 2063 quique
829 1975 959 2041 domino
974 1972 1103 2045 Christo*
1117 2006 1204 2047 cre-.

82 2079 230 2143 dentium
244 2079 442 2159 existimant,
461 2077 546 2165 quod
559 2077 666 2141 omnia
676 2089 817 2162 peccata,
831 2100 1037 2166 ‹puaecunque
1051 2087 1192 2148 commi-

80 2183 180 2249 serint
198 2181 363 2258 homines,
382 2200 435 2241 ex
458 2181 524 2243 iltis
543 2178 707 2241 contrariis
728 2179 898 2245 virtutibus
916 2194 1059 2246 mentem
1080 2182 1192 2248 deliu-

82 2283 257 2371 quentium
277 2282 521 2366 perurgentibus
541 2282 636 2363 fiant,
663 2299 721 2364 pro
738 2299 778 2343 eo
794 2280 881 2366 quud
893 2282 928 2345 in
945 2287 1117 2350 certamine
1130 2289 1192 2352 isto

81 2383 236 2449 invisibili
261 2385 438 2468 superiores
460 2381 665 2445 inveniantur
692 2380 871 2465 potestates.
926 2382 1068 2465 Quodsi,
1098 2408 1130 2452 v.
1151 2410 1191 2470 c.,

83 2485 233 2550 diabolus
265 2505 331 2544 non
364 2486 458 2562 esset,
497 2502 593 2546 nemo
620 2481 792 2553 hominum
819 2481 951 2545 omnino
978 2483 1191 2574 delinqueret.

81 2588 151 2656 Nos
169 2606 246 2649 vero
261 2586 418 2649 rationem
439 2583 609 2648 dilucidius
629 2584 807 2658 intuentes,
830 2582 910 2645 haec
920 2583 966 2647 ita
978 2589 1041 2650 esse
1055 2611 1120 2653 uon
1134 2613 1193 2656 ar..

82 2674 259 2765 bitraruur,
288 2685 520 2749 considerantes
537 2706 595 2764 ea,
618 2703 702 2770 quae
717 2681 883 2747 manifeste
901 2703 944 2747 ex
959 2692 1112 2775 corporali
1127 2713 1193 2755 ue-

84 2794 226 2857 celfitata
241 2786 443 2852 descendunt.
466 2833 474 2850 .
496 2835 504 2851 .
546 2784 687 2850 Evidcns
701 2785 780 2879 ratio
794 2787 855 2863 est,
874 2786 949 2871 quia
960 2787 1039 2850 sicut
1052 2790 1086 2851 in
1099 2791 1194 2856 bonis

83 2896 183 2960 rebus
201 2893 382 2953 humanum
399 2887 596 2974 propositum
613 2887 717 2949 solum
731 2905 788 2969 per
802 2888 834 2948 so
851 2887 955 2972 ipsum
967 2889 1192 2974 imperfectum

84 2996 133 3059 est
155 2991 198 3054 ad
219 2990 523 3055 consummationem
545 2985 637 3065 boni,
672 2984 829 3066 adjutorio
852 3008 991 3075 namque
1015 2989 1126 3057 divino
1149 2992 1194 3062 ad

83 3095 229 3183 perfecta
256 3111 402 3178 quaeque
427 3088 628 3175 perducitur;
661 3087 705 3149 ita
730 3089 828 3150 etium
847 3089 881 3150 in
910 3093 1074 3157 contrariis
1099 3096 1194 3162 initia

85 3190 248 3283 quaedam
268 3203 300 3254 et
322 3193 412 3254 velut
433 3187 593 3274 quaedam
612 3188 731 3251 semina
748 3200 949 3273 peccatorum
968 3193 1008 3254 ab
1022 3192 1073 3258 his
1086 3200 1194 3279 rebus,

87 3295 223 3382 quaein
240 3296 297 3356 usu
313 3292 499 3354 naturaliter
517 3291 692 3368 habentur,
717 3289 898 3374 accipimus.
946 3291 1029 3356 Cum
1042 3315 1120 3359 vero
1136 3300 1195 3362 iri-

86 3395 278 3459 dulserimus
297 3395 381 3456 ultra
402 3413 498 3478 quam
514 3391 587 3454 satis
600 3393 661 3470 est,
693 3401 726 3452 et
741 3412 804 3451 nou
821 3393 1026 3458 restiterimus
1044 3394 1196 3465 adversus
1227 3475 1230 3480 .

84 3499 210 3585 primos
232 3495 496 3580 intemperantiae
514 3504 638 3571 motus,
665 3503 741 3554 tunc
756 3491 852 3576 primi
866 3494 962 3572 hujus
983 3495 1090 3561 delicti
1107 3499 1206 3562 acci-'

83 3599 181 3684 piens
202 3598 312 3660 locum
330 3598 431 3659 virtus
450 3593 578 3656 inimica
593 3593 719 3677 instigat
734 3604 766 3653 et
782 3589 930 3678 perurget
948 3599 1097 3663 omnibus
1115 3618 1195 3663 mo-

86 3696 157 3777 dis,
183 3696 312 3760 studens
333 3698 491 3783 proiufius
511 3695 644 3757 dilatare
658 3705 784 3778 peccata
830 3693 1006 3780 etquidem
1020 3699 1111 3761 nobis
1126 3700 1194 3761 lro-

85 3798 229 3864 minibus
250 3801 425 3861 occasiones
440 3809 472 3859 et
487 3795 577 3859 initia
595 3794 823 3883 praebentibus
833 3807 1050 3879 peccatorum,
1078 3799 1194 3860 inimi-

86 3901 133 3964 cis
157 3910 265 3962 autem
286 3902 492 3985 potestatibus
511 3919 548 3961 ea
568 3909 601 3960 et
619 3897 762 3976 longius,
777 3946 780 3953 .
793 3884 827 3957 et
840 3898 865 3959 sr
877 3897 947 3958 lieri
960 3901 1060 3982 potest
1073 3901 1194 3984 absquo

87 4000 159 4063 ullo
172 3999 237 4061 fine
251 4004 539 4089 propagantibus„
589 3995 698 4077 Quare
719 3999 885 4084 praecipue
907 4020 990 4071 cum
1013 4000 1193 4076 gentili-

86 4103 160 4166 bus
181 4120 263 4165 rem
284 4100 506 4166 daemones
528 4102 694 4179 habent,
721 4100 761 4161 ab
778 4101 887 4184 eisque
909 4097 1040 4160 deorum
1058 4121 1194 4165 numero

87 4200 313 4286 assentantes,
327 4226 353 4270 c.
363 4203 509 4286 eeultl,
520 4217 549 4271 2.
563 4210 664 4290 ptts
680 4201 867 4288 (trucul,
882 4211 898 4266 5
911 4197 1043 4284 Lxx);
1064 4201 1107 4268 ib.
1118 4207 1193 4291 §.2⁹

791 4301 818 4365 P
