2572 4770
395 213 566 363 ornan
589 258 879 361 (ctrzflotogia).
1121 274 1195 344 ιιι
1234 350 1239 358 ,

79 462 157 532 net,
190 446 443 529 humanitatem,
476 447 677 526 comitatem,
703 445 893 510 suavitatem
910 442 1082 532 inspirat”
1058 467 1115 527 na,
1141 445 1201 535 qui

81 575 151 619 non
168 563 299 637 propter
315 549 400 611 vitae
417 545 586 613 commoda
604 549 826 633 humanaeque
842 545 1040 609 necessitates
1053 549 1087 609 se
1101 545 1201 613 Chri-

81 655 203 719 stianos
230 650 396 728 simulant,
428 647 483 712 sed
509 670 573 735 quo
598 670 656 735 par
684 649 730 710 est
753 645 861 708 animo
879 641 1028 708 traditam
1052 636 1094 709 de
1116 647 1200 731 Deo,

86 752 211 821 christo
225 753 398 837 futuroque
415 747 533 829 jndicio
547 746 725 812 doctrinam
738 744 1005 831 amplexantur&
1032 746 1075 812 ib.
1089 746 1122 812 ΙΙ
1123 759 1201 831 ,66,

85 878 119 943 p.
134 860 216 921 414:
247 850 350 931 „Jesu
369 871 451 938 opus
472 850 518 914 est
536 849 716 929 egregium,
746 845 781 908 in
801 846 933 913 nomine
954 849 1025 925 ejus
1038 847 1201 936 hodieque

86 958 255 1030 sanantur,
279 971 487 1038 quoacunque
500 948 592 1014 Deua
602 950 727 1011 sanator
737 943 853 1026 vult7’3
873 946 917 1008 ib.
933 944 994 1026 III,
1010 957 1060 1014 66.
1074 971 1106 1035 p.
1120 957 1201 1018 4713

87 1056 319 1138 ,‚Dacmonea,
341 1052 412 1127 ‚solo
427 1053 498 1131 ejus
511 1050 721 1137 pronunciato
738 1046 888 1125 nomine,
915 1058 1037 1111 exeunt
1049 1069 1069 1112 e
1082 1071 1203 1138 corpo-

86 1157 206 1234 ribus„
231 1172 314 1239 quae
336 1149 566 1231 obsidebant’';
598 1150 643 1212 ib.
659 1146 736 1227 VH,
757 1153 789 1212 4.
810 1167 843 1232 p.
865 1157 944 1213 696:
980 1147 1203 1228 ¹„Daemonnr

90 1276 135 1319 ex
152 1254 278 1318 obsessio
292 1253 462 1338 profligant
479 1247 702 1320 ecbn'ttianie
718 1245 831 1325 multi,
857 1244 956 1333 idque
974 1249 1041 1312 sine
1059 1253 1126 1315 ullo
1145 1251 1204 1315 iu-

89 1357 165 1420 ntili
183 1354 307 1434 magiae
324 1368 379 1416 ant
399 1351 622 1417 incantationis
642 1349 780 1425 auxilio,
803 1346 877 1411 solio
889 1349 1034 1433 precibus
1046 1352 1205 1438 simplici-

89 1460 215 1544 busque
234 1453 485 1534 adjurationibus
497 1462 531 1515 et
543 1451 654 1539 quales
666 1452 721 1512 rel
735 1449 907 1536 simplicior
919 1450 1018 1513 bomo
1033 1455 1126 1538 possit
1140 1451 1205 1517 ad.

90 1558 214 1622 bibere.
258 1556 328 1618 Hoc
348 1557 435 1619 enim
453 1555 645 1640 plerumque
659 1551 783 1614 faciunt
801 1549 932 1615 idiotae.
979 1549 1054 1632 Quo
1072 1553 1205 1641 quidem

90 1681 151 1738 ea,
173 1677 253 1745 quae
265 1655 427 1720 doctrinae
446 1657 571 1717 nostrae
584 1651 683 1731 inest,
704 1651 803 1732 gratia
812 1650 927 1717 Christi
937 1655 1106 1745 mpnisesta
1122 1679 1205 1743 pro·

94 1759 145 1823 dit
171 1753 441 1821 contemnendam
460 1752 656 1816 daemonum
675 1753 914 1832 infirmitatem,
945 1775 1037 1833 cum,
1072 1768 1108 1818 ut
1126 1759 1206 1821 vin-

93 1872 223 1938 cantur,
261 1855 375 1919 cedant
402 1866 435 1917 et
461 1875 504 1917 ex
527 1852 635 1916 anima
655 1873 849 1938 corporeque
876 1855 1018 1918 hominia
1043 1857 1206 1940 fugentur,

94 1984 163 2026 non
189 1979 271 2043 opus
297 1959 336 2019 sit
359 1957 501 2042 sapiente
522 1953 610 2016 etin
633 1951 806 2038 probandis
826 1951 904 2016 sidei
925 1957 1207 2047 rebusversato'’·;

92 2065 139 2130 ib
158 2068 183 2146 ι.
199 2074 250 2125 67.
272 2082 303 2146 p.
320 2064 400 2124 741·
435 2054 606 2137 „Tantum
620 2056 707 2117 abest
724 2066 760 2118 ut
779 2046 905 2116 cultum
919 2052 1129 2122 daemonibus
1145 2057 1211 2123 de-

89 2171 257 2243 teramus,
285 2174 321 2222 ut
338 2158 436 2223 etiam
452 2158 528 2221 illos
543 2168 576 2219 et
592 2156 738 2242 precibus
753 2166 786 2220 et
799 2155 870 2220 aliia
882 2155 1003 2238 modia,
1031 2180 1112 2244 quoe
1129 2161 1210 2224 scri-

92 2281 210 2358 pturae
224 2268 245 2328 s.
262 2263 354 2326 nobie
367 2255 585 2345 suppeditant,
609 2257 773 2338 ejiciamus
786 2278 829 2320 ex
843 2259 1013 2321 hominum
1030 2262 1209 2344 animabus,

97 2391 143 2434 ex
164 2367 243 2428 locis
262 2364 317 2426 ubi
338 2358 520 2438 confidunt,
547 2356 718 2446 aliquando
737 2360 834 2422 etiam
850 2381 893 2423 ex
908 2363 1119 2427 animantium
1136 2386 1212 2432 cor-

97 2467 275 2559 poribua”;
303 2465 346 2527 ib.
360 2460 420 2541 ΙΙΙ,
436 2468 488 2529 24.
509 2484 542 2547 p.
557 2469 638 2529 461:
671 2509 692 2541 „
700 2459 950 2527 Christianorum
963 2451 1093 2552 quidam
1108 2468 1143 2530 in
1158 2469 1210 2550 iia,

101 2590 184 2658 quoe
198 2578 326 2642 curant,
344 2562 519 2644 significant
533 2564 566 2625 se
580 2583 638 2648 per
650 2563 732 2626 hanc
745 2562 845 2628 fidem
858 2567 1029 2631 mirificum
1044 2568 1212 2657 quidpiam

99 2671 271 2757 accepisse,
294 2667 413 2753 qnippe
425 2664 506 2726 nibil
519 2664 606 2727 aliud
615 2668 708 2751 super
717 2687 791 2746 eoa,
813 2667 868 2752 qni
882 2668 1043 2732 curatione
1056 2676 1214 2758 oputha-

101 2777 199 2851 beot,
227 2772 378 2833 invocant
399 2785 496 2852 quam
514 2766 698 2853 supremum
714 2765 821 2832 Deum
834 2768 972 2855 Jcsuque
986 2790 1122 2849 nornen,
1149 2773 1214 2837 ad-

99 2877 210 2956 juncto
228 2870 269 2933 de
289 2871 347 2932 isto
366 2866 504 2930 historia.
552 2866 613 2929 His
633 2878 667 2929 et
687 2888 747 2931 noe
767 2866 907 2933 vidimus
922 2871 1042 2936 rnustoa
1063 2877 1214 2954 gravibus

101 2968 317 3040 incommodis
335 2970 502 3045 liberatos,
536 2967 729 3030 alienatione
751 2971 887 3050 mentio,
915 2971 1053 3052 insania,
1080 2977 1216 3066 aliisque

103 3072 277 3150 sexcentis,
316 3088 397 3154 quae
424 3087 531 3153 neque
555 3068 720 3147 homines,
756 3089 861 3153 neque
884 3069 1054 3137 daemonia
1080 3082 1218 3144 sanave-

103 3174 224 3252 runt”;
257 3172 301 3234 ib.
317 3169 344 3248 Ι,
362 3178 412 3234 to.
433 3190 464 3253 p.
486 3180 563 3235 361:
609 3166 726 3248 „Quin
751 3170 928 3232 etiamnum
950 3174 1036 3260 apud
1062 3177 1218 3247 Christia-

104 3298 167 3341 noa
194 3273 348 3337 nonnulla
374 3271 538 3356 supersunt
564 3269 652 3355 isliua
674 3269 801 3355 spirituo
825 3272 940 3353 sancti,
972 3278 1026 3362 qni
1050 3284 1218 3350 columbae

104 3376 210 3465 specie
231 3372 392 3459 apparuit,
420 3369 561 3450 vestigia.
610 3370 694 3434 Nam
715 3370 885 3435 daemonia
907 3376 1056 3454 ejiciunt,
1088 3389 1219 3451 morbos

105 3490 236 3556 curant,
252 3487 301 3538 ,οι
325 3474 454 3535 volente
471 3472 581 3535 Verbo
605 3472 712 3534 futura
737 3473 936 3558 praevident.
991 3478 1128 3547 irrideat
1144 3485 1221 3551 licet

108 3581 217 3647 Celsus
233 3590 287 3639 aut
298 3573 439 3638 Judaeus
451 3593 548 3658 quem
562 3571 757 3652 introduxit,
780 3573 865 3661 quod
882 3575 1018 3660 dicetur,
1041 3580 1146 3647 dicam
1164 3586 1221 3649 ni-

106 3679 303 3755 hilominus,
329 3677 448 3737 multos
469 3672 511 3737 ad
533 3673 721 3754 religionem
741 3661 942 3742 christianam
962 3684 1115 3747 accessisse
1129 3687 1221 3751 velut

108 3782 246 3859 inritoa3
291 3776 400 3863 spiritu
428 3773 568 3867 quodam
596 3788 730 3860 repente
761 3775 827 3838 tiva
857 3781 1040 3864 pervisum
1068 3785 1135 3849 sira
1162 3808 1221 3874 per

109 3882 271 3948 somnium
290 3878 324 3939 in
344 3878 474 3939 istorum
493 3877 619 3940 animos
638 3888 752 3958 agente
767 3888 863 3962 atque
876 3879 919 3940 ita
931 3880 1004 3943 isloo
1017 3881 1220 3968 immutante,

111 3993 151 4046 nt
171 3977 281 4066 quod
271 4001 306 4040 ιιι
326 3980 415 4041 islam
436 3989 646 4064 conceperant
665 3974 777 4039 odium
798 3977 1010 4064 deponerent,
1041 3994 1073 4044 et
1092 4007 1150 4070 pro
1164 3989 1222 4054 isia
1246 3974 1253 3981 ”

109 4094 250 4148 mortem
268 4092 419 4166 oppetere
432 4081 613 4145 statuerent.
655 4077 756 4142 Islulta
771 4079 930 4159 ejusmodi
946 4080 1112 4165 novimus,
1140 4110 1223 4178 qnae

113 4164 141 4252 si
158 4184 383 4310 scriberemus,
410 4180 535 4245 tametsi
551 4179 681 4245 illorum
700 4181 820 4246 oculati
838 4184 932 4248 tester
951 4183 1129 4272 sumimur,
1154 4192 1223 4258 be-
