2572 4770
525 296 693 367 Clemens.
720 264 723 271 Ι
964 368 967 373 ,
999 271 1004 280 ⁸
1092 316 1165 383 419

53 482 99 569 (p
120 484 238 563 att).
288 474 354 559 Qui
380 476 477 540 suerit
498 481 676 565 perfectus,
712 478 861 570 exempla
879 477 977 547 habet
996 451 1165 575 apostolos,

53 595 87 644 et
106 603 217 644 revera
236 603 286 643 444
303 582 350 642 44
348 601 367 642 e
386 581 555 666 probatur,
587 603 653 642 non
677 582 711 643 in
733 604 772 645 eo
798 582 885 670 quod
909 586 1010 651 vitam
1033 587 1167 671 elegerit
1229 632 1247 673 χ

23 746 27 753 ,
51 684 256 745 monasticam
278 671 419 766 (μονήρη
436 673 544 761 silom
583 700 699 742 uerrun
719 685 775 747 ille
798 686 885 748 viros
903 686 1019 764 vincit,
1053 689 1167 777 quiin

51 784 256 846 matrimonio
284 793 316 845 et
340 783 515 842 liberorum
544 783 762 865 procreatione
789 796 821 848 et
848 784 963 848 domus
992 806 1065 852 cura
1089 794 1168 859 citra

50 888 249 969 uoluptatem
274 894 307 944 et
328 881 472 942 dolorem
490 882 522 942 44
546 893 691 960 exercet,
719 895 752 947 et
768 898 841 947 cum
854 889 888 948 in
902 887 1076 951 familiae
1056 896 1168 957 verse-

52 986 296 1060 turcuratione,
317 980 458 1045 andrvul
457 1003 493 1042 us
508 991 618 1042 tamen
634 983 787 1049 eitaDer
802 982 948 1065 caritate
972 1008 1004 1048 m
1010 990 1168 1080 urortqun

53 1083 202 1148 aclverlus
224 1102 355 1145 omnem
373 1081 601 1161 tentationem,
633 1104 715 1169 quae
721 1079 865 1150 assentur
880 1087 1054 1174 peritios,
1079 1115 1167 1158 uxo-

51 1202 121 1250 rem
141 1201 173 1248 et
187 1188 326 1249 famulos
347 1196 379 1247 et
395 1184 636 1269 possessiones.
680 1186 722 1249 Ut
735 1188 821 1248 mosa
838 1188 882 1248 est
896 1186 1022 1252 anianae
1035 1193 1168 1278 separa·
1204 1275 1207 1281 ,

53 1290 98 1350 440
120 1309 137 1348 4
157 1307 306 1373 corpore,
335 1289 378 1348 ita
401 1286 539 1365 cognitio
561 1288 606 1348 444
623 1288 727 1350 veluti
743 1306 830 1349 mors
851 1289 1029 1369 rationalis,
1060 1295 1181 1360 nudo·

54 1408 130 1450 cens
159 1401 190 1451 ot
210 1391 356 1473 separans
376 1386 517 1448 anianum
538 1408 557 1448 a
575 1388 714 1452 motibus
740 1397 773 1449 et
791 1389 1098 1474 perturbationibus,
1120 1381 1168 1462 ’44

55 1487 217 1552 deducens
239 1494 284 1573 (p.
306 1492 382 1567 874)
407 1485 447 1547 ad
471 1488 571 1548 vitam
595 1491 749 1553 botrorum
771 1490 1009 1573 operationum,
1040 1507 1077 1557 ut
1096 1507 1168 1564 tum

55 1589 126 1652 Deo
149 1589 230 1652 dicat
244 1591 360 1666 libere,
389 1587 465 1647 vivo
482 1588 559 1648 sicut
574 1599 606 1650 tu
623 1591 681 1651 ais.
707 1637 714 1651 .
764 1586 938 1668 Quomodo
952 1592 1041 1657 cibus
1057 1607 1090 1657 et
1102 1618 1168 1682 po-

53 1701 106 1753 tus
118 1703 151 1753 et
162 1693 275 1754 Venus
290 1693 318 1753 ei
334 1689 470 1774 amplius
483 1688 581 1750 fuerit
597 1687 810 1768 delectabilis,
838 1710 911 1754 cum
929 1695 1027 1758 etiam
1044 1698 1170 1761 sermo-

55 1813 132 1854 nem
154 1793 209 1876 qui
230 1793 369 1877 aliquam
391 1789 484 1850 essert
506 1793 724 1875 voluptatem,
759 1801 947 1876 motumque
970 1796 1169 1874 cogitationis

56 1903 89 1953 et
107 1893 325 1975 operationem
344 1887 516 1968 jucundam
536 1890 653 1952 habeat
670 1889 869 1974 suspectam?
891 1937 900 1953 .
922 1938 930 1955 .
975 1895 1045 1957 Hae
1059 1911 1170 1963 autem

56 1993 125 2053 sunt
144 1992 270 2052 animae
289 1991 460 2070 gnosticae,
487 2009 566 2073 quas
586 1990 765 2052 assimilavit
777 1992 979 2071 evangelium
993 1994 1170 2075 virginibus

56 2093 253 2154 sanctificatis
268 2112 349 2177 (puae
367 2090 533 2163 dominum
548 2094 739 2177 exspectant.
786 2091 868 2154 Nam
882 2091 1022 2171 virgines
1036 2095 1170 2181 quidem

56 2193 147 2269 lunt,
172 2203 208 2252 ut
230 2212 311 2277 quae
331 2213 349 2254 4
368 2193 461 2252 malis
480 2191 710 2270 abstinuerint,
738 2191 920 2275 exspectant
935 2204 1042 2256 autern
1059 2194 1171 2261 domi·-

58 2314 137 2356 num
159 2306 289 2378 propter
308 2296 488 2370 caritatem,
515 2294 671 2378 suumque
689 2291 990 2356 accenduntlumen
1006 2291 1171 2363 adrerum

34 2396 378 2479 contemplationem,
410 2390 585 2478 prudentes
606 2392 748 2471 animae,
778 2390 937 2455 dicentes:
975 2392 1007 2458 O
1027 2392 1170 2480 domine,

57 2497 121 2575 jam
140 2495 272 2556 tandem
292 2494 507 2575 defideramus
527 2500 561 2555 le
580 2493 741 2578 recipere3
777 2490 951 2556 secundum
972 2512 1009 2556 ea
1032 2515 1114 2582 quae
1134 2511 1170 2564 tu

56 2594 214 2657 mandasti
234 2598 394 2675 viximus,
429 2595 510 2657 nihil
533 2596 801 2680 praetermisimus
826 2612 939 2656 eorum
964 2618 1047 2682 quae
1071 2620 1172 2684 prae-

59 2697 177 2781 cepisti.
236 2695 455 2775 Quamobrem
473 2697 621 2780 promissa
641 2714 768 2781 quoque
791 2696 942 2780 petimus.
973 2695 1172 2766 .I‘recamur
1256 2694 1260 2701 ’

58 2810 166 2859 autem
181 2810 262 2883 quae
276 2800 348 2860 sunt
360 2796 469 2873 utilia,
498 2815 570 2857 curn
584 2800 649 2857 nori
664 2795 832 2857 conveniat
845 2797 902 2857 abs
916 2808 948 2856 te
962 2808 1073 2880 petere
1089 2818 1171 2885 quae

57 2903 131 2963 sunt
152 2898 383 2982 pulcherrima3
413 2907 446 2957 et
465 2897 656 2981 accipiemus
676 2898 784 2957 (44444444
804 2895 1025 2994 444οὴ44441414444,
1049 2900 1172 2966 etiamsi

57 2997 229 3060 uideantur
247 3001 311 3060 esse
324 3000 405 3058 mala
421 3016 502 3081 quae
516 2996 688 3056 asserentur
701 2997 794 3058 nobis
806 2997 971 3075 exercitia,
1000 3019 1081 3083 qnae
1095 3003 1176 3087 qui..

61 3101 135 3164 dem
152 3101 242 3162 nobis
256 3111 312 3162 tua
328 3098 421 3159 offert
435 3094 626 3182 dispensatio
643 3114 679 3158 ac
692 3106 784 3173 cu'ra,
804 3095 845 3157 ad
858 3096 1059 3162 stabilitatem
1073 3118 1174 3167 exer·-

61 3200 196 3264 cendarn
219 3221 254 3262 ac
276 3197 493 3261 constantiam.
518 3242 527 3260 .
576 3195 720 3259 Precatio
738 3198 856 3260 scilicet
874 3199 1011 3277 gnostico
1027 3205 1072 3266 est
1094 3206 1172 3268 uni-

60 3304 150 3364 44444
172 3301 239 3361 vita
264 3313 297 3362 et
322 3320 395 3362 cum
414 3298 485 3361 Deo
506 3297 712 3360 conversatio.
736 3345 744 3360 .
794 3296 936 3362 Multum
958 3314 1066 3365 autem
1087 3308 1173 3372 414414

62 3406 108 3489 (p.
130 3405 223 3479 876),
258 3413 294 3462 ut
321 3402 456 3463 terrenis
484 3399 701 3482 voluptatibus
723 3409 755 3460 et
776 3400 962 3483 spectaculis
986 3401 1172 3489 delectetur,

62 3505 116 3590 qui
139 3499 334 3578 rrrundanas,
367 3501 424 3563 etsi
442 3501 514 3562 sunt
532 3497 677 3574 divinae,
706 3501 893 3585 contempsit
909 3503 1171 3603 promissiones..

61 3603 189 3668 Novit
180 3604 244 3686 rpse
267 3603 380 3680 jejunii
399 3620 526 3687 quoque
542 3601 720 3678 aenigmata
741 3604 787 3687 (p.
805 3606 880 3682 877)
898 3580 1015 3666 14444444
1034 3601 1172 3688 dierum,

63 3704 166 3789 quarti
188 3705 318 3786 inquam
336 3713 369 3763 et
387 3703 476 3763 sexti.
527 3699 652 3762 Dicitur
671 3713 779 3762 autem
796 3703 851 3765 ille
865 3701 995 3789 quidem
1009 3700 1172 3789 lllercurii,

61 3806 115 3867 hic
133 3824 210 3865 vero
226 3802 374 3865 Veneris.
424 3803 507 3863 Hinc
527 3801 583 3861 ille
599 3803 721 3878 jejunat
739 3802 774 3863 in
795 3805 861 3865 vita
883 3815 915 3864 et
935 3806 974 3865 ab
991 3807 1121 3869 44444444
1139 3821 1195 3873 et·

63 3925 83 3966 4
106 3903 252 3982 libidine,
289 3922 331 3966 ex
357 3902 471 3988 quibus
498 3901 607 3963 omnia
630 3901 884 3968 oriuntur-vitia.
942 3903 1173 3975 Fornicatiouiu

63 4003 152 4066 enim
171 4017 235 4066 tres
256 4023 297 4065 ex
316 4005 448 4089 aposloli
462 4003 616 4065 sententia
630 3976 700 4064 444444
714 4001 927 4085 differentiae,
951 4005 1068 4088 libido,
1091 4031 1175 4073 ava·-

61 4105 153 4180 ritia,
180 4104 369 4167 idololatria
416 4102 545 4182 Jejunat
564 4124 640 4184 ergo
659 4106 757 4168 etiam
776 4128 818 4169 ex
837 4109 889 4188 leg
872 4127 907 4168 e
926 4128 944 4169 a
962 4110 1055 4170 malis
1070 4112 1174 4175 actio

64 4206 177 4287 nibus,
205 4215 239 4267 et
255 4226 297 4269 ex
316 4205 473 4286 evangelii
491 4206 687 4292 perlectione
700 4226 719 4266 a
732 4208 826 4269 rnalis
840 4208 1092 4290 cogitationibus.
1133 4210 1174 4304 Ei

691 4304 791 4371 Dal„
776 4322 790 4351 ³
