2572 4770
133 276 213 349 nee
435 257 547 354 Ὀφ·
570 257 645 329 m.
685 254 927 352 boman.

131 472 194 545 W
212 436 475 515 „mnasonem
496 439 697 522 intelligant,
730 460 799 503 non
822 439 897 505 satie
918 435 1124 527 explsum
1176 436 1250 509 Jan

132 571 249 619 eorum
262 545 432 634 opiniones
450 539 564 622 trudit,
593 538 651 626 qui
669 541 764 604 erasse
780 543 860 603 haee
871 543 977 605 nostru
993 562 1129 627 empore
1141 545 1248 606 resun-

131 666 258 722 reotura
275 650 339 712 eise
359 642 521 723 «linebant,
546 653 580 706 et
601 640 645 705 ib.
663 663 696 728 p.
712 648 772 709 584
786 644 831 728 sq.
848 643 971 728 pergit:
1000 639 1193 722 „Quocirca
1207 644 1246 707 lie

131 755 176 822 ad
189 772 266 818 eum
277 751 384 811 locum
399 740 580 805 ratiocinari
591 743 759 806 eonvenite
790 763 906 828 uurpua
924 763 1040 821 omne,
1068 741 1160 828 quod
1173 746 1245 831 qui-

132 857 211 921 dem
231 862 342 916 natura
354 842 562 922 sentinatur,
594 862 677 928 quae
698 842 893 908 extrinsecae
912 841 1036 932 aliquid
1053 842 1087 905 ei
1100 844 1244 909 alimenti

131 953 289 1030 adsciscit,
315 965 439 1035 proque
458 942 499 1007 iie
522 963 605 1030 quae
626 942 839 1023 sufficiuntur,
863 946 1007 1008 excernit
1025 943 1108 1024 alie;
1135 948 1244 1024 cuiue-

25 1032 29 1045 ¹
130 1052 223 1125 modi
242 1056 314 1116 sunt
334 1046 479 1131 stirpium
497 1064 629 1129 corpora
649 1056 682 1108 et
694 1044 883 1107 animalium
897 1066 971 1131 pare
983 1044 1040 1106 ille
1051 1065 1126 1107 eum
1139 1059 1242 1110 mate-

129 1159 180 1225 ria
195 1162 358 1227 conereta;
388 1164 553 1232 nunquam
569 1165 670 1207 uuum
687 1142 839 1231 idemque
852 1164 1030 1209 remanere.
1072 1144 1241 1211 Undenur

130 1258 218 1324 male
233 1251 353 1317 fluviae
368 1245 499 1334 quidam
514 1265 629 1331 eorpus
642 1246 706 1307 esse
719 1243 851 1327 dieitur,
873 1247 1042 1332 quoniam,
1061 1246 1240 1311 linteamin

130 1355 384 1427 oonllderemue,
411 1368 454 1410 ne
474 1344 572 1409 biduo
591 1343 724 1431 quidem
745 1347 834 1432 prior
852 1347 987 1409 materia
1005 1346 1039 1409 in
1058 1350 1239 1435 emporibus

128 1457 246 1527 nostrie
272 1448 387 1514 eadem
413 1449 622 1532 constansque
646 1448 844 1530 perseveram
881 1467 955 1510 eum
973 1447 1104 1511 iuterim
1124 1449 1239 1513 Panto

126 1581 158 1625 a.
172 1580 202 1640 g.
220 1555 275 1617 vel
286 1550 400 1619 Petrus
419 1546 507 1610 idem
526 1546 736 1610 nilrllominue
755 1549 912 1632 persistat,
936 1568 1002 1609 nun
1015 1546 1115 1611 modo
1129 1551 1157 1615 li
1173 1555 1239 1630 ejus

23 1676 28 1689 ‘
127 1661 271 1727 animam
284 1657 420 1740 spectes,
441 1651 531 1726 cuiue
543 1647 712 1709 substantie
722 1667 829 1733 neque
841 1648 930 1710 sluxa
943 1650 988 1710 ast
999 1648 1033 1709 iu
1048 1650 1162 1731 uobis,
1177 1672 1238 1715 no.

124 1778 192 1847 que
212 1755 383 1844 quiequam
403 1747 596 1813 extrinsecae
614 1749 777 1811 invectum
794 1749 924 1834 accipit3
955 1745 1011 1811 sed
1029 1750 1072 1811 ob
1089 1748 1128 1813 id
1145 1773 1238 1838 pree-

123 1870 235 1939 terea,
264 1852 352 1943 quod
366 1851 492 1916 tametsi
504 1851 645 1914 velutin
660 1862 816 1936 perpetua
828 1851 973 1914 fluxione
987 1851 1026 1913 lit
1039 1861 1153 1915 natura
1167 1875 1237 1916 eor-

123 1960 233 2051 poria,
266 1954 381 2021 eadem
400 1954 506 2015 sorme
528 1962 732 2038 permaneat,
765 1971 849 2036 quae
868 1950 1009 2036 eorporis
1028 1953 1130 2017 nostri
1154 1956 1235 2041 quali

126 2072 204 2127 nota
222 2054 380 2144 quaedam
400 2058 445 2118 est
462 2056 600 2141 propria.
652 2053 727 2118 Non
745 2054 838 2116 aliter
853 2064 948 2137 atque
964 2049 1102 2116 eaedem
1119 2055 1235 2136 liguria

123 2171 274 2240 manent,
310 2176 393 2244 qaae
418 2154 504 2218 Petri
526 2154 683 2241 Paulique
713 2175 882 2240 corporum
905 2152 1093 2239 qualitatem
1119 2157 1235 2220 eanm-

120 2258 423 2335 euandoexbibent3
440 2275 602 2341 perquem
615 2256 712 2318 etiem
726 2258 912 2341 qualitatem
923 2253 1046 2333 accidit,
1060 2267 1099 2318 ut
1111 2258 1234 2321 etaien-

120 2366 217 2429 tricee
227 2366 292 2442 jam
304 2370 374 2421 tum
387 2357 523 2441 apoerie
535 2356 569 2418 in
578 2357 761 2440 corporibus
770 2367 996 2441 permaneant,
1015 2358 1145 2444 aliaque
1152 2380 1235 2423 uuu-

122 2464 229 2542 uulla,
243 2479 325 2546 quae
337 2458 531 2537 singulorum
543 2457 669 2541 propria
681 2457 766 2535 sunt,
780 2455 960 2535 cujusmodi
970 2459 1043 2519 sunt
1055 2459 1233 2541 lentigines.

121 2557 467 2632 Adhaeelicetllmilia
480 2555 697 2640 eorpureeillu
708 2557 877 2638 formalit,
900 2558 1233 2645 qual'etrual'enlue-

120 2685 186 2753 que
195 2658 613 2750 potissimumeonstituitur,
627 2654 726 2741 idque
734 2656 854 2742 ipsum,
867 2658 953 2746 quod
965 2660 1232 2729 inresurreetioue

115 2768 249 2834 animae
264 2763 372 2828 denuo
384 2759 549 2837 tribuitur,
569 2754 625 2818 led
638 2757 671 2819 in
684 2758 802 2827 meliue
812 2762 1017 2841 conversum3
1045 2784 1112 2825 noa
1125 2776 1231 2829 temen

119 2868 236 2933 eadem
260 2869 305 2929 est
331 2865 387 2926 illa
407 2860 558 2938 materia,
592 2879 675 2945 quea
700 2861 825 2946 corpori
843 2861 984 2946 primum
1005 2863 1100 2925 inlita
1120 2868 1229 2930 suerat.

117 2969 169 3037 Ae
192 2962 465 3056 quemadmodum
486 2961 605 3047 speciae
623 2963 689 3046 ipsa
709 2961 750 3026 ad
768 2962 918 3025 ultimum
932 2984 1034 3050 ueque
1046 2964 1164 3031 eadem
1177 2971 1229 3048 eli,

116 3072 177 3134 etli
199 3069 312 3149 ingene
337 3065 539 3152 propriarum
560 3063 737 3126 formarum
758 3077 970 3150 notarumque
994 3066 1146 3133 rideatur
1168 3072 1228 3135 esse

31 3230 34 3239 ,
117 3168 299 3234 diversitas:
335 3166 379 3228 ita
401 3177 434 3227 et
453 3165 488 3226 in
511 3184 570 3243 ao,
601 3161 727 3251 dequo
748 3165 890 3246 agimus,
918 3166 1168 3247 intelligendum
1186 3173 1229 3235 ell

113 3272 314 3361 praesentem
334 3266 473 3354 corporis
490 3266 628 3351 speciem
639 3264 776 3329 eandem
790 3269 856 3329 esse
869 3288 941 3329 cum
953 3269 1078 3348 sutura,
1101 3292 1175 3336 eum
1189 3292 1226 3341 eo

114 3383 245 3450 temen,
265 3381 311 3438 tut
329 3367 524 3430 incredibilia
542 3368 576 3429 in
594 3368 712 3429 meliue
724 3370 763 3430 sit
779 3369 885 3429 stitura
898 3368 1047 3434 mutatio.
1097 3370 1226 3437 Necesse

111 3474 161 3537 est
185 3472 274 3535 enim
299 3471 440 3532 annnam
461 3467 621 3554 corporeis
641 3468 676 3531 in
698 3468 777 3530 locie
798 3468 985 3532 haerentem
1007 3473 1225 3539 consentaneie

112 3572 173 3637 fibi
192 3573 239 3634 uti
253 3571 447 3656 corporibue.
497 3569 607 3654 Atque
628 3568 709 3647 utsi
727 3569 762 3630 in
779 3570 968 3656 aquatilium
988 3584 1137 3638 naturam
1145 3580 1225 3641 co'a-

111 3676 220 3740 versor
238 3673 340 3736 vitam
353 3671 388 3733 in
403 3669 485 3732 mari
503 3689 564 3732 noe
582 3666 697 3748 degere
710 3682 888 3755 oporteret,
913 3675 1126 3738 aeeell'arium
1141 3678 1223 3741 soret

111 3796 174 3841 noe
191 3776 254 3839 alia
271 3794 440 3860 corporum
459 3770 680 3836 constitutione
693 3770 890 3858 pisciumque
901 3772 997 3835 sunili
1013 3777 1079 3839 esse
1091 3776 1222 3864 praedi-

109 3886 178 3943 tae:
212 3878 257 3941 ita
278 3877 334 3964 qui
353 3877 514 3938 coelorum
528 3870 617 3949 regni
629 3869 862 3937 haereditatem
874 3871 991 3937 adituri
1003 3876 1093 3957 sunt,
1116 3898 1154 3942 ae
1169 3877 1219 3942 di-

109 3979 209 4041 verfie
224 3980 258 4041 iu
273 3977 399 4041 sedibus
411 3972 602 4049 habitaturi,
629 3971 780 4056 spiritalia
793 3994 920 4061 quoque
934 3997 1068 4061 corpora
1083 3979 1217 4045 babeant

109 4080 233 4139 necesse
252 4081 314 4159 elt3
342 4098 409 4139 noo
427 4072 514 4160 quod
536 4071 623 4157 prior
639 4073 858 4154 exstinguatur
876 4077 1014 4161 species,
1043 4082 1168 4145 tornelli
1183 4082 1214 4143 iu

107 4174 262 4251 illustriue
290 4176 443 4266 quiddam
469 4174 698 4261 gloriolluequa
725 4187 880 4243 mutetur.
935 4160 1213 4263 Quemadmodum

1144 4314 1165 4355 'l

1267 4260 1276 4477 l

1266 4496 1283 4673 l
