2572 4770
1087 160 1121 227 ιχ.

27 254 32 263 '
120 268 173 357 ⁸3
199 366 202 371 Ι
426 278 515 373 (ittp.¹
536 280 588 349 11.
638 276 922 348 Hermaneuticu.

120 447 214 546 νοςῆ
227 442 377 546 ἔναρχος.
419 456 503 526 iiam
518 459 701 547 quimatio
716 457 888 545 principio,
910 467 980 530 aut,
1001 466 1039 519 ut
1050 451 1122 543 qui's'
1134 453 1237 520 dixe-

120 559 180 637 rit,
202 560 257 646 qui
271 573 339 624 arat
350 559 521 648 aliquando
535 563 743 649 principium,
772 555 934 648 quomodo
949 579 1013 619 nou
1031 559 1075 621 ita
1088 568 1176 639 erat,
1198 570 1237 623 ut

119 658 247 724 nullam
275 664 398 726 causam
423 661 628 745 agnosceret?
682 662 754 726 Aut
778 663 884 724 rursus
910 657 1072 746 quomodo
1090 671 1236 747 ternpus,

118 759 210 850 quod
225 762 370 827 nondum
383 765 514 843 existat,
540 765 686 828 mensura
706 764 793 827 illius
809 762 872 824 esse
884 762 1003 846 potest,
1030 759 1085 847 qui
1104 772 1237 846 tempus

94 872 104 917 ἰ
119 860 226 951 ipsum
246 862 372 927 fecit?’¹
419 862 545 929 Ibidem
565 886 591 927 c.
611 877 658 931 16.
681 886 712 951 p.
729 871 787 930 48:
823 861 970 941 „Omnia
987 862 1089 940 illa,”
1116 863 1235 948 inquit,

119 982 236 1050 „quae
247 965 395 1028 nonnulli
407 967 547 1052 respectu
563 963 738 1029 divinitatis
754 965 890 1026 humilia
910 964 973 1026 else
991 973 1122 1047 putant,
1147 973 1238 1026 utet

120 1061 222 1128 illud:
244 1061 311 1145 Qui
322 1066 404 1128 misit
417 1085 470 1128 ma
484 1078 593 1150 pater,
618 1070 721 1145 major
732 1087 786 1129 me
801 1067 861 1143 att,
885 1065 920 1127 iu
935 1064 1026 1125 sacris
1038 1062 1128 1125 libris
1144 1060 1237 1125 divi-

120 1164 209 1227 nitus
234 1163 349 1229 dictata
369 1186 405 1229 ac
431 1167 542 1253 scripta
562 1168 635 1230 suut
657 1171 697 1231 ob
718 1166 890 1248 benignam
916 1177 1012 1250 atque
1038 1164 1239 1228 ineffabilem
1266 1198 1271 1205 ·

120 1262 219 1353 dpdua
231 1267 498 1347 incarnationem,
524 1288 605 1353 quaa
626 1278 756 1355 propter
773 1289 832 1330 nos
848 1278 880 1329 et
900 1287 958 1351 pro
979 1266 1071 1328 nobis
1083 1268 1165 1327 sacta
1179 1267 1236 1333 eit.

120 1378 253 1457 propter
276 1388 373 1454 quam
394 1366 491 1429 etiam
510 1369 656 1456 scriptum
677 1371 755 1449 fuit,
777 1388 854 1431 eum
868 1366 991 1446 angelis
1007 1367 1166 1429 minorem
1180 1369 1238 1429 fa-

121 1476 211 1531 stum
226 1468 287 1529 assa
301 1470 391 1548 juxta
407 1470 594 1554 apostolum.
604 1471 624 1505 ”
659 1470 816 1557 Exempla
829 1467 1007 1549 gravissima
1024 1467 1105 1529 libro
1117 1464 1177 1531 Ill.
1192 1465 1237 1532 de

110 1564 198 1647 ¹stin.
220 1567 414 1632 invenimus.
473 1567 549 1657 Cap.
569 1585 598 1638 Ξ.
625 1594 658 1658 p.
676 1582 735 1638 sss
749 1573 814 1658 sqq.
832 1569 1020 1654 sapientiam
1041 1566 1239 1633 demonstrat

120 1660 272 1731 Proverb.
300 1668 399 1748 VIII,
426 1682 467 1737 22
495 1684 777 1736 commemoratam
805 1668 1047 1750 intelligendam
1079 1688 1145 1732 non
1171 1671 1238 1734 oue

120 1762 228 1830 filinam
242 1768 315 1832 Dei.
358 1770 434 1855 Cap.
449 1777 480 1837 4.
501 1794 533 1858 p.
550 1782 610 1839 stt
627 1776 692 1860 sqq.
705 1772 747 1836 de
761 1773 852 1837 Pauli
867 1772 974 1833 verbis
990 1770 1120 1850 (colon.
1137 1769 1165 1851 1,
1180 1776 1237 1852 15)

121 1860 339 1951 πραπὸτοκος
354 1863 467 1956 πάσης
481 1868 639 1950 κτίσεως,
666 1894 749 1960 quae
765 1872 879 1934 Ariani
891 1873 924 1933 in
941 1874 1030 1934 suam
1048 1873 1250 1937 tentanum.

118 1960 432 2057 interpretabantur,
459 1973 523 2053 „si
548 1977 593 2037 est
613 1975 889 2061 primogenitus,'’
922 1975 1042 2059 inquit,
1072 1994 1167 2052 „nou
1188 1978 1238 2038 eu

121 2066 196 2132 sane
217 2071 418 2153 unigenitus,
449 2073 504 2138 sed
528 2079 667 2163 respectu
687 2077 841 2154 aliorum,
877 2076 932 2160 qui
952 2076 1021 2160 post
1044 2094 1121 2137 eum
1140 2076 1239 2139 creati

120 2168 234 2250 suere,
257 2175 489 2257 primogenitus
503 2179 557 2239 est.
608 2176 643 2238 Si
666 2196 744 2249 vero
764 2179 809 2237 est
824 2177 1007 2254 unigenitus
1024 2175 1127 2256 filius,
1151 2196 1240 2262 quo-

121 2268 220 2334 modo
234 2275 280 2334 est
293 2273 550 2357 primogenitus?
591 2276 657 2340 Nos
678 2296 753 2356 ergo
773 2276 806 2336 in
828 2275 939 2359 primis
963 2274 1113 2355 dicimus,
1139 2278 1238 2356 hujus

120 2370 221 2433 etiam
240 2376 359 2435 oraculi
379 2372 584 2437 altitudinem
605 2396 718 2438 eorum
738 2376 984 2454 intelligentiam
1003 2378 1166 2463 superare,
1201 2399 1239 2442 nc

120 2464 259 2534 sautum
276 2492 316 2534 ea
334 2474 505 2561 loquutum
527 2479 608 2554 esse,
637 2496 719 2561 quae
738 2496 803 2538 nou
821 2489 973 2555 noverat,
991 2476 1046 2540 sed
1060 2478 1116 2540 itta
1129 2477 1240 2543 eredi-

122 2566 217 2650 dlsse,
239 2593 322 2663 quaa
333 2577 541 2662 loquebatur,
558 2579 631 2663 quia
645 2577 738 2638 abeo
753 2578 1015 2657 suggerebantur,
1031 2579 1087 2664 qui
1098 2600 1176 2642 vera
1194 2583 1240 2644 all

120 2672 291 2760 sapientia,
325 2680 444 2765 quique
465 2681 544 2741 liaeo
566 2678 672 2740 omnia
692 2677 922 2742 manifestabat.
979 2677 1107 2741 Deinde
1132 2692 1239 2746 totum

120 2772 208 2839 banc
219 2777 326 2840 locum
340 2782 569 2859 exscribamus,
585 2790 655 2840 tum
670 2775 712 2840 ad
724 2782 794 2858 ejus
809 2779 1105 2865 interpretationem
1119 2783 1240 2843 venie-

120 2892 210 2956 mus,
233 2898 339 2965 neque
354 2904 432 2947 vero
447 2884 521 2946 ullis
534 2881 723 2960 conjecturis
740 2880 971 2961 indigebimus,
1001 2902 1061 2944 nec
1076 2880 1241 2945 verisimi-

120 2975 310 3043 litudinibus
323 2984 361 3045 ad
380 3005 417 3048 ea
433 2979 626 3060 enarranda,
654 3002 737 3066 quae
755 2982 826 3043 luce
838 2981 1051 3068 splendidiora
1067 2985 1156 3064 sunt3
1184 2980 1243 3047 sed

121 3098 331 3171 quaecunque
352 3087 392 3147 ab
414 3085 465 3148 bis
487 3085 561 3170 ipsis
578 3083 633 3144 vel
655 3083 813 3159 consulto,
849 3083 904 3144 vel
925 3080 1157 3146 inconsiderata
1175 3104 1243 3147 ne-

116 3182 223 3265 glorta
242 3186 330 3265 suot,
365 3187 459 3249 nobis
480 3205 558 3248 vero
579 3181 648 3244 vim
669 3183 808 3243 sermoni
827 3180 947 3246 addere
965 3185 1055 3270 polle
1078 3182 1242 3264 ridentur,

120 3282 202 3351 baec
224 3305 433 3373 apponemus.
444 3285 465 3320 ’'
511 3284 641 3350 Praeter
661 3283 722 3344 alia
739 3283 818 3345 haec
835 3285 913 3346 iacit
928 3287 1043 3347 verba:
1075 3286 1147 3364 „Ut
1159 3286 1244 3349 reli-

120 3408 184 3477 qna
197 3389 305 3450 omnia
319 3391 365 3473 (p.
384 3392 460 3467 348>
474 3386 566 3452 I'auli
579 3387 677 3448 verba
691 3380 788 3445 modo
804 3385 899 3446 allata
912 3396 1126 3470 praeteream,
1153 3410 1244 3476 quo-

119 3508 197 3553 nam
217 3488 281 3551 alio
307 3486 406 3551 modo
428 3486 628 3571 interpretari
653 3487 816 3571 possumus
836 3485 911 3564 illa,
951 3486 1066 3570 quibus
1092 3489 1156 3567 ait,
1184 3509 1246 3576 per

68 3634 73 3642 -
117 3586 224 3676 ipsum
244 3601 279 3652 et
298 3590 334 3654 iu
354 3592 421 3676 ipso
445 3589 553 3650 ornnia
579 3590 720 3649 constare
743 3597 777 3648 et
795 3585 993 3648 reconciliari
1013 3598 1045 3649 et
1066 3588 1242 3672 pacificari,

116 3690 179 3756 niti
192 3693 238 3755 ita
252 3693 515 3776 interpretemur,
536 3699 572 3750 ut
585 3708 644 3775 per
657 3691 726 3766 ejus
744 3688 1013 3765 incarnationem,
1037 3708 1099 3772 qua
1111 3703 1247 3776 propter

119 3809 180 3859 uus
201 3805 235 3856 et
253 3813 311 3879 pro
326 3790 418 3855 uobis
432 3791 498 3852 sine
519 3790 586 3850 ulla
607 3789 787 3850 mutatione
807 3789 854 3850 sui
876 3788 973 3874 ipsius
991 3799 1026 3850 et
1040 3791 1165 3874 peccati
1179 3812 1246 3855 ex·-

118 3910 195 3978 μη
214 3894 313 3956 homo
338 3894 441 3956 sactus
461 3894 524 3970 est,
554 3900 778 3953 convertamur
796 3888 837 3951 ad
860 3889 1057 3969 agnitionem
1080 3890 1244 3956 increatae

81 4024 83 4028 ·
119 3990 218 4083 lpdus
231 3990 455 4063 iiliideitatis?
505 3991 617 4056 Dictus
633 3992 678 4052 est
692 4010 768 4071 ergo
778 3987 1042 4076 praedicatusque
1052 3980 1243 4074 unigenitus

116 4088 251 4179 quidem
265 4104 378 4183 utpote
392 4116 459 4157 non
469 4093 593 4157 babens
606 4089 781 4154 secundum
794 4092 963 4154 coelestem
975 4093 1117 4172 cujusvis
1127 4093 1240 4158 fluxo·

22 4196 28 4204 ’
80 4258 93 4289 ,ι
115 4194 541 4285 *madenam
554 4194 692 4257 alterum
706 4204 832 4279 praeter
842 4191 965 4278 ipsum,
988 4192 1045 4278 qui
1057 4191 1241 4260 hruodum
