2572 4770
26 320 33 329 .
118 263 190 335 tta
412 257 501 353 Cup.
525 258 597 363 sss.
633 255 876 349 'Dogmetiem

27 486 33 493 -
114 441 273 521 ministrs,
295 437 439 504 nondum
452 439 539 503 enirn
551 437 736 505 didicerant.
786 437 852 505 Sed
869 458 928 503 nec
939 439 1055 527 aliquia
1067 459 1111 505 ex
1120 460 1230 523 ange-

37 626 42 637 Ι
113 545 173 625 sis;
195 565 299 631 neque
313 543 401 606 enim
415 539 578 631 quomodo
589 539 731 604 indicant
742 541 848 622 angeli
862 551 1019 626 quatenus
1037 543 1161 621 angeli,
1180 526 1232 604 ita¹

112 642 251 709 audiunt
265 644 422 707 homines.
471 641 606 707 Minime
625 642 712 704 enini
732 641 894 728 quomodo
914 644 985 705 sunt
1006 643 1100 706 nobis
1120 662 1229 722 auree,

113 745 161 812 ita
180 749 226 811 est
244 734 308 809 illis
329 744 458 824 lingua3
485 762 590 830 neque
608 743 814 806 instrumenta
834 743 923 806 vocis
935 744 1006 829 quia
1023 741 1151 806 dederit
1161 764 1230 807 an-

113 838 215 931 resia,
245 849 332 909 labra
354 845 502 929 inquam,
528 854 561 906 et
579 864 660 929 quae
684 846 775 923 juxte
800 864 839 907 ee
858 845 915 907 sita
934 827 1024 923 sunt‚'
1049 855 1082 906 et
1104 854 1229 924 guttur,

114 958 151 1012 et
174 950 322 1012 arteriam
345 955 378 1006 et
395 943 531 1022 viscera,
564 955 598 1007 et
615 945 758 1030 spiritum
781 956 814 1008 et
835 945 960 1024 a'e‘rem,
997 937 1052 1031 qui
1072 944 1226 1028 pulsatur.

114 1048 256 1118 Multam
276 1060 384 1112 autem
406 1045 509 1123 abest,
537 1055 574 1106 ut
586 1043 677 1109 Deus
697 1047 821 1110 insonet
841 1047 1019 1124 sanctitate,
1044 1066 1127 1132 quae
1143 1045 1226 1109 adiri

114 1172 183 1219 non
196 1152 309 1239 potest,
321 1147 376 1234 qui
387 1146 454 1232 ipse
467 1166 593 1233 quoque
609 1148 771 1233 seperatus
784 1149 829 1210 est
839 1149 879 1209 ab
891 1147 1096 1226 archangelis.
1129 1146 1226 1210 Jem-

113 1255 193 1319 r'ero
207 1251 338 1331 angelos
353 1267 481 1333 quoque
496 1247 674 1332 accepimus
689 1246 832 1310 didicisse
842 1246 1030 1326 veritatem,
1057 1247 1160 1335 etqui
1177 1249 1227 1313 eis

111 1355 262 1443 praesunt
278 1349 491 1434 principatus3
503 1359 619 1409 ¹ortum
633 1347 720 1410 enirn
734 1350 888 1412 habuere.
936 1347 1046 1413 Restat
1067 1370 1160 1430 erge,
1189 1361 1227 1414 ut

111 1449 318 1517 ascendentes
330 1468 442 1510 eorum
463 1466 590 1533 quoque
608 1445 825 1512 desideremus
844 1446 1017 1513 doctorem.
1060 1445 1227 1529 Quoniam

111 1563 222 1619 autem
236 1569 337 1610 unum
350 1549 394 1609 est
406 1536 601 1627 ingenitum,
614 1546 704 1611 Deus
718 1549 937 1635 omnipotens,
952 1572 1054 1635 unum
1068 1553 1115 1629 est
1126 1554 1227 1618 etiam

110 1638 334 1741 liraegeniturn
357 1698 364 1712 .
381 1697 388 1711 .
405 1698 412 1711 .
434 1646 666 1734 primogenitus
678 1650 796 1715 silius..
848 1649 881 1713 Is
898 1648 1001 1738 dictus
1014 1654 1060 1723 est
1067 1653 1229 1741 sapientia

109 1755 153 1817 ab
168 1751 317 1815 omnibus
331 1750 504 1835 prophetie.
533 1748 566 1812 ls
579 1750 624 1809 est
637 1748 783 1829 magister
795 1750 950 1830 omnium,
965 1742 1047 1837 quae
1060 1765 1130 1816 orte
1141 1756 1225 1833 sunt,

110 1851 178 1929 ssei
190 1849 398 1927 consiliarius,
414 1850 467 1934 qui
478 1848 643 1934 praescivit
657 1849 775 1915 omnia.
817 1849 851 1914 le
865 1862 974 1914 auteur
986 1856 1025 1915 ab
1039 1855 1103 1916 alto
1118 1841 1225 1934 (driu-

110 1954 191 2035 θνν)
202 1973 221 2014 a
233 1952 337 2039 prima
351 1947 464 2011 mundi
479 1949 700 2012 constitutione
714 1952 922 2035 multisariam
935 1956 1108 2042 multisque
1117 1956 1227 2022 modia

111 2054 149 2120 e't
162 2051 270 2117 docuit
283 2065 315 2114 et
327 2052 503 2137 perficit”).
537 2049 589 2113 De
605 2054 795 2141 exemplo
809 2052 923 2119 Christi
936 2055 1046 2119 divine
1058 2061 1227 2125 maxime-

39 2231 43 2237 ,
111 2176 177 2247 que
192 2154 317 2216 salutari
330 2152 565 2216 lraecClemens
578 2151 691 2214 habete
714 2154 792 2218 con.
812 2168 840 2235 t,
855 2170 890 2222 8:
914 2153 985 2219 Nes
998 2177 1106 2244 φημι,
1128 2149 1227 2225 ὁλό-

110 2274 171 2340 yog
195 2246 214 2319 ὁ
234 2252 294 2314 τοῦ
315 2252 402 2315 θεοῦ
421 2238 603 2336 ἅνθρωπός
621 2244 813 2334 γενόμενος,
848 2252 902 2320 ἵνα
923 2253 965 2343 dr}
984 2258 1042 2323 καὶ
1064 2255 1106 2327 σύ
1127 2257 1226 2349 παρὰ

110 2345 298 2438 ἀνθρώπου
323 2344 455 2437 μάθῃς,
489 2347 539 2432 πῇ
563 2368 648 2411 ποτε
674 2338 740 2433 ὅρα
763 2342 946 2441 ἄνθρωπος
971 2352 1106 2445 γένηται
1127 2360 1224 2440 θεός.

110 2451 176 2518 Str.
195 2452 270 2529 vll,
288 2465 317 2528 2,
335 2461 411 2516 833:
439 2440 623 2533 Αἱσθητιξν
636 2447 674 2515 δὲ
690 2444 863 2533 ἀναλαβὼν
879 2449 1005 2544 σάρκα,
1027 2455 1066 2522 τὸ
1085 2457 1227 2529 δυνατὸν

89 2590 92 2594 -
109 2542 310 2638 ἀνθρώποις
329 2544 413 2613 κατὰ
431 2545 492 2634 τὴν
513 2537 665 2636 ὑπακοὴν
681 2551 747 2615 τῶν
765 2548 906 2619 ἐντολῶν
922 2551 1038 2635 δείξων
1050 2551 1228 2650 ἀφίκηται

111 2654 261 2735 (rectius,
297 2653 402 2738 inquit
425 2649 631 2731 Sylburgius,
665 2646 805 2736 ἀφῖκται
830 2657 885 2717 rel
914 2659 1026 2723 saltem
1050 2652 1225 2750 ἄφίκετο).

110 2754 164 2820 cf.
186 2750 282 2817 Paed.
306 2749 333 2829 I,
357 2763 384 2823 3,
408 2766 485 2816 101:
520 2741 639 2814 Πάντα
661 2744 808 2837 ὀνίνησιν
829 2746 848 2820 ὃ
867 2747 1002 2843 κύριος,
1020 2764 1089 2828 ,καὶ
1112 2760 1226 2835 πάντα

111 2848 253 2938 ὠφελεῖ,
279 2851 335 2914 καὶ
358 2844 401 2927 ὡς
421 2839 620 2938 ἅνθρωπος,
651 2851 707 2916 καὶ
727 2847 772 2930 ὡς
790 2848 892 2933 θεός·
925 2855 968 2923 τὰ
988 2861 1050 2942 μὲν
1068 2859 1226 2958 ἁμαρτή-

110 2974 203 3036 ματα
223 2944 267 3026 ὡς
286 2945 370 3026 θεὸς
393 2947 526 3034 ἀφιεὶς,
554 2942 604 3026 εἷς
624 2949 661 3018 δὲ
677 2944 718 3018 vd
729 2949 778 3039 μή
795 2950 1032 3043 &supervivere
1042 2967 1227 3056 παιδαγω-

106 3051 179 3139 γῶν
191 3043 235 3127 ὡς
248 3040 440 3136 ἅνθρωπος.
482 3051 545 3115 Per
556 3052 653 3137 ipsius
668 3067 834 3119 mortem
851 3079 869 3120 a
886 3060 1008 3125 Christo
1020 3067 1145 3134 victura
1158 3076 1226 3138 esse

112 3150 265 3218 Clemens
286 3151 362 3217 dicit
390 3150 553 3215 diabolum
575 3164 609 3215 et
628 3167 766 3217 mortem
788 3156 868 3222 coh.
895 3174 943 3240 11,
968 3175 1026 3230 εει
1063 3168 1224 3250 „Quam

112 3256 259 3322 viserat
284 3249 482 3337 voluptatis?
535 3253 663 3332 Homo,
701 3257 756 3340 qui
784 3259 826 3321 ob
854 3261 1087 3349 simplicitatem
1115 3275 1224 3342 fuerat

112 3358 252 3436 solutus,
285 3357 435 3418 inventus
462 3354 508 3414 est
532 3356 668 3438 peccatis
697 3357 822 3438 ligatus.
876 3360 962 3426 Eum
988 3389 1062 3445 cum
1083 3374 1224 3443 vinculi,

112 3458 250 3525 liberere
278 3454 377 3517 vellet
402 3450 568 3532 dominus,
607 3477 734 3520 carnem
759 3457 865 3523 induit
898 3467 938 3543 (o
967 3464 1115 3537 divinum
1141 3498 1224 3560 my..

113 3560 299 3637 stertunt),
335 3557 514 3639 serpentem
535 3555 620 3619 hunc
641 3554 774 3639 devicit,
804 3575 997 3650 tyrannum,
1024 3571 1059 3637 h.
1081 3595 1110 3639 ο,
1128 3598 1224 3645 mog..

112 3673 200 3742 tem,
230 3661 266 3722 in
283 3655 467 3721 servitutem
488 3653 628 3736 redegit,
654 3668 704 3739 et,
731 3660 818 3745 qnod
836 3667 977 3731 maxime
997 3687 1126 3758 praeter
1145 3682 1226 3770 opi-

113 3761 247 3843 aionem
277 3755 423 3847 adtingit,
452 3755 545 3818 illum
565 3757 749 3839 hominem,
779 3763 835 3850 qui
861 3766 1010 3835 seductae
1035 3777 1076 3839 ab
1104 3746 1236 3847 islens-⁸

113 3856 180 3926 brie
209 3854 384 3945 voluptatis
421 3866 453 3916 et
489 3857 683 3942 corruptioni
715 3859 855 3944 illigatus
887 3870 1011 3951 suerat,
1052 3881 1223 3964 explicati„

114 3960 262 4023 manibus
285 3958 425 4023 solutum
452 3955 597 4019 ostendit.
655 3957 687 4024 O
706 3964 853 4030 mirabile
871 3974 1073 4053 mysterium!
1094 4012 1098 4021 ,
1117 3981 1224 4048 Suc-

115 4060 258 4121 cubuit
278 4053 408 4142 quidem
433 4053 647 4121 dominus”
675 4064 759 4145 (scil.
783 4075 925 4151 rnorte),
961 4076 1090 4154 „homo
1111 4097 1221 4150 autern

61 4240 67 4252 ·
113 4154 272 4237 surrexit''
299 4159 335 4237 (i.
360 4176 389 4219 e.
419 4160 492 4243 quia
516 4156 655 4226 Csuistus
675 4176 822 4233 rnortuue
841 4171 906 4255 est,
938 4173 1038 4257 hemo
1055 4180 1220 4269 surrexit),

76 4318 202 4495 s„
