2572 4770
497 238 502 254 ¹
553 200 734 300 Origenes.
1124 208 1200 303 tot

87 392 246 458 Christum
267 390 299 452 sn
317 389 425 476 spiritu
442 389 547 451 sancto
566 385 755 453 desinere.”'
794 383 852 450 Ad
866 405 963 472 quem
978 385 1078 449 oratio
1093 385 1131 448 fit
1144 384 1201 465 ‹li-3·

86 491 237 573 rigenda,
264 495 328 570 iam
350 492 442 575 supra
461 487 613 551 vidimus.
666 486 783 568 „Inter
804 485 959 549 orandum
981 490 1100 557 mentis
1115 491 1201 554 oculi

87 597 128 658 fic
143 590 290 655 elevandi
304 593 391 667 sunt,
416 600 450 650 ut
463 592 527 667 jam
540 588 675 651 terrenis
688 609 752 649 non
768 588 995 666 immorentur,
1017 610 1075 651 nec
1088 610 1202 656 eorum

88 714 169 780 quae
182 692 312 757 materia
324 692 463 753 constant
478 690 640 773 speciebus
653 689 863 773 impleantur,
885 685 939 748 sed
955 689 1016 752 lint
1029 687 1109 752 adeo
1122 695 1203 756 sub-

86 796 199 871 limes,
236 804 273 854 ut
299 790 517 873 corruptibilia
544 809 688 875 quaeque
716 785 887 871 despiciant
909 798 942 849 et
966 790 1023 850 uni
1045 789 1116 853 Deo
1137 815 1202 857 va·-

88 895 186 959 cent”
210 894 266 972 (ib.
286 906 313 958 9.
337 913 368 974 p.
384 893 472 968 211).
517 886 848 972 Orationis-ternpore
869 908 927 948 nos
948 903 1073 979 oportet
1087 915 1201 961 eorum

88 994 234 1057 omnium
252 990 409 1068 oblivisci,
440 1008 520 1075 quae
543 987 583 1046 ab
605 988 747 1059 oratione
768 988 870 1071 aliena
893 989 978 1049 sunt
984 992 1040 1071 (ib
1064 1017 1094 1079 p.
1110 1001 1200 1089 210),

86 1095 159 1161 Non
181 1095 295 1173 exigua
317 1087 473 1189 petenda,
504 1108 563 1149 nec
583 1100 707 1149 terrena
731 1089 823 1170 (ib.‚)
854 1087 1008 1153 orandum
1030 1116 1086 1179 pro
1105 1100 1202 1163 rebus

88 1196 290 1283 coelestibus,
312 1189 351 1250 de
366 1176 497 1252 terrenis
512 1209 588 1249 vero
600 1189 661 1250 Dei
676 1188 804 1250 arbitrio
817 1188 1061 1272 relinquendum
1077 1197 1202 1275 (ib.17

87 1319 120 1382 Ρ.
134 1301 222 1375 226).
273 1288 405 1356 oranda
428 1309 499 1368 magr
504 1309 543 1348 na
565 1290 588 1350 fi
608 1290 763 1375 petimus,
791 1309 889 1374 parva
908 1292 1000 1354 nobis
1014 1292 1203 1372 adjicientur

91 1398 148 1475 (ib.
172 1405 219 1460 tt.
248 1417 279 1478 p.
302 1393 396 1470 219),
432 1389 583 1475 spiritalia
606 1393 789 1476 petentibus
813 1390 969 1451 terrestria
996 1388 1089 1482 saepe
1116 1399 1205 1477 (nou

89 1500 227 1580 semper)
251 1495 365 1572 dantur
385 1491 443 1571 (ib.
462 1502 510 1554 16.
533 1503 581 1557 17.
602 1514 634 1575 Ρ.
651 1501 712 1557 aet
726 1494 797 1577 sq).
844 1488 955 1574 Neque
978 1514 1071 1556 orans
1086 1501 1204 1562 remis-

89 1599 211 1663 sionem
232 1606 434 1679 peccatorum
450 1590 561 1675 culpae
580 1594 726 1676 consequi
743 1591 859 1677 potest,
891 1592 949 1654 nisi
969 1597 1130 1659 exanimo
1147 1620 1205 1662 re·-

89 1697 208 1758 miserit
223 1696 312 1756 fratri
330 1692 459 1754 veniam
475 1691 580 1751 illatae
600 1692 734 1769 injuriae
750 1692 919 1775 postulanti
941 1694 997 1774 (ib.
1016 1709 1044 1762 8.
1066 1720 1099 1782 Ρ.
1115 1703 1205 1782 210).

89 1796 247 1860 Orantem
261 1795 386 1878 oporlet
399 1793 506 1854 levare
521 1810 617 1879 puras
630 1813 762 1869 manus,
784 1804 927 1874 acceptas
945 1816 1057 1859 omnes
1073 1802 1207 1880 injurias

89 1894 300 1974 remittendo,
329 1913 522 1978 omnemque
541 1893 704 1952 exanimo
723 1893 766 1953 ita
778 1894 1052 1978 perturbationem
1071 1888 1207 1978 ejiciar-J·

91 1996 151 2073 do,
183 2007 218 2059 ut
239 1995 360 2057 nemini
378 1995 416 2056 sit
440 1995 537 2054 iratus
558 1993 615 2074 (ib.
632 2015 656 2053 c.
672 1995 737 2073 9.).¹
781 1989 893 2056 Oratio
908 2014 973 2055 non
987 1997 1093 2061 minus
1109 2023 1206 2087 quam
1224 2034 1227 2039 ·

89 2108 140 2160 ter
159 2097 290 2177 frugalis
312 2092 425 2156 diebus
445 2091 591 2155 babendo
614 2094 671 2173 (ib.
694 2107 742 2158 12.
765 2115 797 2178 Ρ.
812 2097 908 2173 213);
937 2094 990 2157 sed
1008 2099 1042 2163 in
1062 2104 1208 2173 oratione

90 2216 177 2275 vana·
193 2196 292 2274 gloria
312 2191 462 2274 fugienda
485 2195 541 2273 (ib.
563 2206 611 2262 19.
627 2207 678 2258 20.
691 2192 731 2278 p·
749 2206 820 2261 228.
838 2197 932 2275 229),
960 2198 1132 2281 battologia
1152 2206 1214 2275 vis

89 2293 187 2361 tanda
210 2295 265 2375 (ib.
287 2309 337 2365 21.
361 2318 393 2381 p.
411 2299 498 2376 230).
551 2292 657 2357 Oratis
677 2295 720 2353 ita
744 2297 775 2356 se
794 2316 985 2381 componere
1005 2299 1100 2365 debet
1120 2308 1212 2390 quasi'

92 2397 146 2481 qui
171 2395 241 2458 Deo
266 2395 365 2458 adstet
390 2409 422 2457 et
444 2416 516 2456 cum
536 2396 603 2480 ipso
626 2396 774 2481 loquatur
793 2408 945 2483 tanquam
965 2401 1150 2487 inspiciente
1171 2429 1209 2475 rto

91 2499 257 2582 praesente
279 2489 337 2581 (ib.
355 2502 543 2585 8.,p.210).
594 2497 813 2581 „Arbitror'',
842 2501 886 2562 ait
903 2502 946 2577 ib.
969 2515 1062 2579 ads.
1084 2530 1117 2592 p.
1133 2522 1208 2591 267,
1240 2536 1244 2545 ’

90 2617 196 2679 „eum
218 2598 272 2684 qui
290 2596 330 2658 ad
352 2599 529 2662 orationem
547 2600 649 2662 access
647 2620 722 2662 urus
739 2602 801 2679 est,
828 2601 853 2662 fi
872 2603 1039 2687 paululum
1060 2610 1211 2675 substite-

90 2699 132 2761 rit
148 2700 243 2787 seque
263 2699 366 2787 ipsum
381 2701 608 2788 composuerit,
637 2702 867 2815 promptiorem
886 2716 918 2765 et
933 2706 1136 2781 attentiorem
1149 2732 1211 2828 pep-

90 2810 193 2862 totam
214 2799 392 2863 orationem
412 2799 501 2876 lieri3
532 2801 612 2862 item
628 2805 654 2866 si
673 2822 786 2865 omnes
805 2803 905 2864 animi
924 2805 1101 2870 anxietates
1117 2810 1211 2907 cogi

90 2901 314 3012 tationumque
338 2899 592 3015 perturbationes
616 2902 780 2982 abjecerit,
812 2903 933 2999 sibique
952 2927 1017 2989 pro
1032 2910 1185 2975 viribus
1173 2935 1211 2979 m

90 3000 280 3062 memoriam
307 2998 471 3063 reduxerit
494 3003 562 3078 ejus
590 2999 630 3061 ad
655 3023 751 3088 quem
779 3002 899 3066 accedit
923 3009 1140 3087 majestatem,
1177 3026 1212 3083 et

92 3120 189 3188 quam
202 3100 348 3187 impium
351 3101 389 3161 sit
402 3099 450 3161 illi
461 3101 493 3162 se
508 3101 617 3162 laxum
631 3114 664 3162 et
676 3103 838 3167 remissum
853 3115 886 3167 et
898 3108 984 3192 quast
997 3100 1212 3179 contemnen-

93 3213 159 3265 tem
173 3201 287 3263 offerre
296 3199 491 3286 ,fidensque
503 3201 608 3262 aliena
622 3199 819 3287 deposuerit,
832 3207 873 3269 fic
886 3211 997 3272 venire
1009 3211 1155 3298 (debere)
1168 3215 1211 3280 ad

93 3302 265 3366 orandum:
289 3304 429 3365 animam
445 3315 662 3380 antenianus,
677 3305 767 3366 ut'ita
781 3308 910 3393 loquar,
929 3314 1120 3394 extendere,
1135 3328 1232 3381 anter

93 3407 203 3471 oculos
217 3416 361 3468 mentem
373 3403 412 3467 ad
428 3404 535 3466 Deum
549 3401 701 3485 dirigere3
726 3419 896 3499 antequam
909 3414 983 3490 stet,
1000 3417 1127 3493 erigere
1141 3418 1212 3480 hu·-

93 3529 148 3574 mo
165 3508 360 3595 superiorem
382 3507 507 3571 animae
526 3518 651 3594 partem
668 3519 700 3570 et
721 3531 826 3572 coram
842 3512 1061 3579 universorum
1079 3507 1212 3589 domino

93 3614 249 3688 statuere3
268 3628 398 3675 omnem
410 3604 547 3695 denique
564 3630 685 3687 earum,
705 3631 784 3697 quaa
798 3615 836 3675 ab
851 3615 957 3703 aliquo
970 3616 1028 3679 srbi
1042 3620 1211 3702 passusvi÷

96 3711 206 3788 detur,
236 3711 423 3789 injuriarum
448 3710 638 3771 memoriam
659 3711 834 3777 intantum
857 3711 1033 3799 deponere,
1056 3733 1214 3808 quantum

95 3824 129 3874 et
141 3811 249 3875 Deum
270 3812 427 3901 quispiam
446 3813 515 3874 vult
536 3813 759 3899 immemorem
785 3814 847 3875 esse
868 3834 979 3880 eorum
998 3838 1080 3903 quae
1100 3820 1214 3907 inique

97 3914 186 3993 gessit
201 3914 284 3999 ipse,
312 3925 343 3975 et
359 3914 392 3975 in
408 3913 525 3977 multos
539 3935 557 3974 e
571 3916 726 4001 proximis
743 3916 901 4002 peccavit,
924 3929 979 3978 aut
993 3940 1073 4004 quae
1086 3908 1214 4007 praeter

96 4025 215 4077 rectam
228 4015 385 4076 rationem
403 4014 516 4100 quovis
530 4017 625 4096 egisse
639 4014 737 4079 modo
752 4016 810 4079 libi
825 4018 965 4080 conscius
980 4020 1061 4082 anst’
1104 4019 1214 4105 „tto-

97 4114 212 4183 liorem
232 4117 374 4185 maxime
398 4137 471 4183 curn
493 4127 563 4184 orat
582 4118 639 4201 (ib.
661 4131 691 4184 9.
712 4141 745 4209 Ρ.
762 4122 839 4202 211)
860 4130 987 4215 oportet
1007 4123 1214 4215 compositam

1187 4434 1193 4475 l
