2572 4770
433 296 438 311 .
515 244 740 337 Origene:-
1019 192 1163 333 16⁹
1272 190 1275 195 Ι

47 418 323 510 deprehenditur,
349 432 384 487 et
399 423 527 511 spiritu,
540 423 726 489 leeuirilum
743 423 778 489 id
789 424 876 512 quod
886 427 995 492 'etlilri
1008 429 1168 517 quaedum

51 525 90 589 in
111 526 143 587 se
163 524 453 604 coelestinorum,
487 539 525 589 ut
542 530 702 613 apostolus
722 524 815 606 dicit,
848 530 923 612 quia
939 534 1118 618 exemplari
1134 548 1169 600 ut

51 627 190 689 umbrae
202 621 384 687 deserviunt
398 628 620 707 coelestium„
665 628 766 691 Paulo
786 627 921 695 iuferius
939 632 1040 710 ejusd.
1055 636 1167 702 homil.

56 730 86 811 Γ.
106 735 134 790 5.
155 747 187 810 p.
199 737 260 791 209
280 725 322 786 suc
341 726 498 811 loquitur:
524 728 724 815 '’Triplicem
745 730 780 790 in
800 727 918 795 divinis
934 735 1094 819 scripturis
1111 737 1171 800 iu-

56 825 252 905 telligeutiae
271 828 365 912 saepe
383 826 524 891 diximus
541 829 692 907 modum,
723 831 922 910 historicum,
955 837 1112 898 moralem
1135 848 1170 901 et

56 928 244 1008 mysticum,
275 927 362 991 uude
375 941 408 992 et
420 951 533 1016 corpus
546 931 644 992 inesse
662 931 693 993 ei
713 940 745 991 et
759 931 899 993 animam
911 944 944 995 et
956 936 1099 1021 spiritum
1111 938 1171 999 iut-

55 1028 283 1107 telleximusm
335 1026 459 1092 Pariter
484 1032 538 1092 lib.
557 1030 614 1094 IV.
643 1034 668 1113 l.
691 1043 726 1096 11
749 1027 790 1090 de
811 1032 944 1118 princip.
964 1036 1068 1111 rolel,
1091 1050 1169 1104 1682

58 1119 208 1204 θύκοῦν,
229 1128 275 1190 ait
282 1128 456 1215 ,τρισσοῖς
471 1121 737 1217 ἀπογράφεσθαι
751 1126 847 1194 σεῖ’
817 1152 868 1208 εις
879 1128 941 1218 τὴν
957 1125 1080 1201 ἑαυτοῦ
1096 1143 1173 1221 ψο-

53 1224 119 1316 χὴν
133 1226 176 1292 τὰ
193 1227 259 1292 τῶν
278 1177 380 1313 6ylruv
399 1224 606 1316 γραμμάτων·
613 1222 783 1351 νρήμστσ·
803 1225 858 1297 ἵνα
873 1227 892 1298 6
901 1233 964 1317 μὲν
977 1227 1172 1301 lutosaru-

55 1353 121 1417 ρος
141 1324 383 1448 οἰκοδομῆσαι.
382 1324 451 1393 ἀπὸ
469 1333 530 1420 τῆς
548 1324 657 1397 οἱονεὶ·
673 1328 798 1417 σαρκὸς
815 1334 876 1423 τῆς
889 1335 1038 1421 γραφῆς,
1064 1335 1174 1413 οὕτως

57 1422 327 1513 ὄνομαζόντων“
297 1431 413 1549 ημῶν
419 1426 480 1518 τὴν
501 1424 680 1516 πρόχειρον
699 1425 902 1519 ἔκδοχὴν·
889 1456 908 1499 ο
927 1432 964 1498 δὲ
983 1429 1042 1498 ἐπὶ
1061 1433 1173 1502 ποσὸν

55 1522 307 1617 huflafiuaulg'
287 1526 355 1596 απὸ
370 1533 431 1618 τῆς
444 1524 585 1618 ωςτερει
595 1532 707 1620 ψυχης
726 1527 844 1619 αὐτῆς
870 1526 889 1599 6
909 1535 947 1600 δε
965 1529 1171 1611 τέλειος...

58 1622 131 1695 ἀπὸ
164 1631 227 1696 τοῦ
253 1633 478 1711 πνευματικοῦ
509 1627 614 1714 νόμον
640 1628 738 1711 σκιὰν
760 1627 893 1714 ἔχοντος
916 1634 982 1699 τῶν
1008 1629 1175 1716 μενόντων

57 1721 209 1816 ἀγαθῶν.
262 1724 388 1816 Ὥςτιερ
410 1730 473 1821 γὰρ
497 1726 517 1799 6
538 1725 720 1819 ἔνθρωπος
745 1730 939 1820 συνέστηκεν
962 1727 1000 1799 ἐκ
1019 1727 1175 1816 σώματος

60 1831 119 1895 καὶ
137 1829 250 1915 ψυχῆς
270 1832 327 1897 ναὶ
345 1829 550 1914 πνεύματος,
580 1829 640 1897 τὸν
654 1828 755 1898 αὐτὸν
772 1829 901 1921 τρόπον
922 1835 981 1899 καί
997 1824 1175 1919 introvo-

61 1932 213 2017 μρθεῖσα
234 1924 302 1995 ὑπὸ
329 1933 390 1996 τοῦ
413 1932 499 1997 θεοῦ
525 1927 576 2009 οἷς
605 1926 797 2018 ἀνθρώπων
828 1929 996 2020 σωτηρίαν
1027 1932 1175 2018 δοθῆναι

62 2023 188 2116 γραφή.
238 2033 343 2096 Habet
359 2034 457 2114 igitur
476 2054 518 2095 ex
532 2036 685 2097 sententia
698 2034 846 2114 Origenis
862 2038 884 2099 Γ.
895 2039 919 2098 Γ.
933 2035 1058 2098 lausum
1072 2055 1177 2098 uuum

21 2146 29 2209 ;·
62 2131 240 2210 literalem,
267 2136 423 2196 moralem
439 2136 576 2198 alterum
588 2146 625 2197 et
635 2134 764 2197 tertium
778 2136 999 2214 allegoricum,
1024 2136 1094 2205 reri
1108 2158 1178 2207 no,-

13 2266 16 2273 ·
36 2224 39 2229 ¹
61 2233 160 2296 minis
176 2233 349 2319 spiritalem
367 2237 420 2297 vel
437 2237 605 2316 mysticum
623 2241 773 2322 (quorum
788 2238 895 2297 lameri
907 2235 1098 2320 posteriores
1110 2258 1178 2311 uu,-

10 2380 12 2385 -
61 2334 126 2397 lter
141 2336 299 2397 vocabulo
315 2336 461 2422 spiritalis
473 2337 539 2400 five
551 2338 674 2419 mystici
691 2337 797 2400 seusus
807 2336 1177 2418 'significationelatiori⁹

10 2434 12 2447 '
62 2434 247 2521 simpliciter
261 2437 330 2514 ejus
341 2433 471 2519 quidem
484 2440 619 2524 oppositi
633 2437 747 2501 literali
758 2437 824 2499 lire
839 2437 1061 2517 grammatico,
1070 2476 1073 2481 ·
1082 2441 1178 2526 saepe

63 2537 285 2624 complectitur
297 2570 341 2584 ·-
353 2537 401 2599 uli
412 2538 553 2601 hominis
568 2540 709 2602 animam
724 2548 757 2600 et
768 2538 913 2625 spiritum
925 2539 1090 2601 cummuni
1102 2538 1180 2603 aui·-

13 2642 16 2647 “
61 2637 363 2715 manamine->a
412 2634 500 2717 Quid
513 2641 551 2702 lit
565 2639 715 2716 literalis,
741 2660 800 2725 per
815 2641 847 2700 se
861 2651 959 2724 putet.
1000 2637 1178 2724 Nusquam,

62 2735 150 2824 quod
164 2738 276 2817 sciam,
299 2736 456 2819 declarat,
479 2738 557 2826 quid
569 2741 676 2801 seusus
687 2739 818 2802 moralis
835 2739 990 2800 vocabulo
1009 2739 1178 2823 intelligat.

64 2839 213 2904 Consistit
226 2851 334 2902 autem
346 2840 373 2902 ie
385 2841 501 2922 partim
515 2841 550 2901 iu
562 2839 765 2921 dogmatibus
779 2836 820 2899 de
833 2841 1080 2922 mutationibus,
1098 2866 1179 2930 quea

61 2939 173 3007 anima
198 2939 341 3004 hominis
364 2940 430 3003 five
456 2942 534 3003 mali
552 2943 617 3002 sire
638 2939 715 3002 boui
732 2939 837 3000 subire
857 2941 975 3024 potest,
1008 2945 1125 3028 partim
1142 2946 1181 3011 in

62 3039 260 3126 praeceptis,
289 3040 404 3124 quibus
420 3041 487 3102 vita
506 3041 664 3104 eluistiani
678 3040 819 3103 hominia
830 3051 898 3101 tam
910 3040 1059 3122 interior,
1082 3068 1182 3133 quan

63 3140 208 3202 exterior
214 3142 413 3220 ,gubernari
427 3139 531 3206 debet.
579 3141 660 3206 Veri
677 3141 817 3203 nominis
835 3141 1009 3226 spiritalem
1026 3142 1067 3208 de
1087 3149 1183 3234 print·

64 3240 506 3328 eip.1V‚1s.v01.1‚1ro
535 3242 587 3306 his
610 3241 718 3304 verbis
740 3239 902 3304 describit.
940 3241 1180 3337 ’Ἦνουματιιιὴ
1271 3326 1276 3335 ,

64 3335 224 3428 διήγησις
236 3343 282 3405 est
296 3342 387 3421 talis,
391 3341 543 3421 ,(llufiui
564 3345 653 3406 haec
659 3341 760 3405 versio
777 3362 849 3412 cum
866 3353 957 3405 textu
971 3365 1082 3426 graeco
1100 3372 1186 3413 euua-

66 3445 191 3526 reuit),
203 3444 223 3476 ’'
230 3441 337 3529 fiquis
350 3445 453 3528 potest
471 3442 506 3503 os
429 3438 634 3503 ssteudere
644 3462 802 3527 ‚quorum
815 3444 997 3509 coelestium
1012 3451 1184 3543 exempla-

66 3545 157 3609 ribus
179 3555 212 3607 et
229 3545 360 3604 umbrae
379 3540 561 3604 deserviunt
580 3540 631 3617 hi,
660 3561 715 3624 qur
705 3539 903 3607 secundum
922 3567 1050 3610 carnem
1068 3532 1185 3613 ludaei

67 3648 159 3725 suut,
182 3656 216 3706 et
229 3664 364 3729 quorum
377 3646 561 3706 futurorum
582 3642 728 3702 umbram
743 3643 798 3705 lex
809 3644 923 3725 habet,
956 3648 1014 3710 etsi
1032 3650 1095 3733 qua'
1113 3650 1185 3713 hu-

66 3743 238 3827 jusmodi
228 3766 264 3805 in
283 3743 441 3829 scripturis
459 3743 570 3805 sanctis
584 3742 802 3827 reperiuntur,
833 3746 889 3811 rel
910 3768 983 3809 uum
1001 3749 1185 3832 requiritur,

68 3845 210 3933 quaesit
227 3843 283 3906 illa
296 3844 448 3930 sapientia
464 3844 498 3905 iu
511 3843 660 3926 mysterio
679 3843 862 3908 abscondita
883 3848 915 3928 (1
934 3846 1005 3910 Cor.
1019 3844 1063 3927 Π,
1081 3848 1129 3928 7),
1150 3862 1186 3914 et

68 3945 269 4011 oecaliunem
288 3946 381 4008 nobis
401 3947 536 4032 praestat
555 3940 799 4027 intelligentiae,
833 3959 870 4011 ut
887 3946 1039 4034 possimus
1064 3945 1186 4014 adver-

67 4060 158 4127 tere,
184 4068 323 4134 quorum
340 4048 461 4128 figurae
482 4034 665 4125 mamista,
693 4067 775 4132 quae
796 4048 862 4110 illis
876 4044 1037 4126 (Judaeie)
1056 4048 1187 4115 aecide-

66 4155 189 4236 uana„
235 4148 466 4236 Repraesentat
484 4147 580 4231 igitur
597 4147 651 4225 hie
668 4146 775 4215 seusun
791 4148 944 4232 mysticus
966 4147 1100 4235 statum,
1119 4172 1186 4219 ue-

1152 4372 1232 4502 t
