2572 4770
368 278 550 374 Didymus
575 206 871 375 (Cirristoldgio).⁸
1095 282 1170 355 861

56 456 139 528 ὅλον
148 459 207 528 τὸν
215 446 524 547 αρτιονάνθρωπον
533 457 704 546 φωτοειδῆ
714 459 830 536 ποιῶν,
846 451 890 536 ὥς
902 454 921 524 ὁ
933 453 1028 547 ἥλιος
1041 450 1173 549 ἡλιοει-

57 562 102 648 δῆ
114 561 157 626 τὰ
171 557 309 643 σώματα
322 556 364 625 coi
378 557 412 627 ἐν
426 549 476 637 οἷς
489 555 709 646 παραγίνεται
721 559 778 640 (da
791 573 830 623 tr.
838 560 865 639 1,
881 573 931 633 ευ,
942 567 1007 641 86).
1036 562 1174 628 Vitam

56 661 421 727 deindeJesusGhriitus
431 663 651 724 sanctissimam
664 662 746 723 vixit
760 663 852 724 nobis
865 663 1077 739 saiutiferarn3
1100 663 1173 724 ”il-

56 766 122 827 liua
136 765 223 827 enim
235 766 400 849 personam
411 763 492 843 gerit
504 763 603 825 homo
620 762 795 847 assumptus
807 761 894 825 aDei
901 763 1038 841 Verbo„
1052 762 1128 841 (En.
1138 764 1175 826 in

61 879 77 931 1
94 865 182 930 Petri
195 862 238 928 II.
263 887 294 949 p.
312 854 383 929 823⁴.
399 861 467 943 11).
515 861 666 949 Denique
688 885 794 926 mora
814 863 912 949 ipsius
926 876 1052 948 praecata
1070 865 1176 928 nostra

61 967 221 1053 expiavit,
252 963 370 1026 diaboli
388 962 577 1047 imperium,
605 962 690 1050 quod
708 964 743 1026 in
759 984 819 1029 noa
830 964 888 1027 iste
903 967 1088 1043 exercebat,
1111 955 1176 1028 dess

60 1068 174 1130 struxit
187 1085 311 1151 nosque
320 1062 391 1125 Deo
404 1065 630 1128 reconciliavit.
673 1063 912 1144 ”Evangeliurn
927 1086 1028 1128 unum
1042 1077 1075 1129 et
1089 1086 1176 1128 enn-

61 1165 136 1231 dem
149 1163 342 1247 sacerdotem
353 1183 526 1250 regemque
539 1163 717 1243 constituit·
738 1163 878 1229 Christus
892 1182 1031 1249 namque
1043 1177 1177 1229 utrum·

61 1271 203 1356 quaest,
206 1265 340 1346 ,.(En⁰
329 1288 364 1327 ιιι
385 1264 560 1330 tl‘etrill.
584 1274 702 1350 pets.
719 1262 784 1344 G..)
827 1255 880 1327 Εν
897 1286 936 1327 τι
922 1260 1174 1353 ”polemoniaci

60 1362 230 1451 μεσιτεία·
256 1349 329 1428 ἐν
310 1389 332 1452 ῃ
354 1357 440 1451 ὓπερ
460 1359 585 1438 παντὸς
605 1385 665 1428 του
649 1360 905 1448 ἀνθρωπείου
922 1359 1036 1449 γένους
1055 1358 1177 1431 ἑαυτὸν

62 1460 246 1553 ἀφράστως
267 1458 487 1554 ἱερουργήσας
504 1464 561 1528 καὶ
584 1459 619 1528 ἐν
638 1455 732 1539 τάξει
751 1457 978 1545 θυμιάματος
987 1464 1109 1550 νοητοῦ
1126 1459 1176 1553 τῷ

63 1563 142 1654 toto
165 1566 270 1654 παιρι
290 1557 524 1653 προςαγαγῶν·
556 1555 657 1627 αὐτόν
675 1584 712 1626 τε
737 1558 1004 1650 ἐξεδυσώπησεν,
1038 1561 1176 1631 καὶτὸν

63 1665 293 1754 ἀπηρτημένον
311 1666 359 1751 τῷ
377 1663 478 1747 κοινῷ
497 1658 583 1748 γένει
606 1655 754 1726 θάνατον
777 1656 979 1744 ἀπέσβεσεν,
1012 1666 1069 1753 καὶ
1088 1658 1177 1754 ἡμᾶς
1273 1710 1275 1717 ‹

62 1773 128 1833 σῶν
146 1762 295 1833 εἰδώλων
313 1758 500 1849 ἀπέστησεν
520 1763 577 1826 καὶ
596 1760 637 1849 ’τῇ
656 1759 847 1848 θεογνωσίᾳ
862 1757 1089 1850 προςηνωσεν·
1116 1761 1177 1831 τόν

31 1898 34 1903 ·
62 1891 101 1935 τε
120 1861 329 1989 παράδεισον
349 1860 523 1929 ἀπέδωκεν
540 1863 597 1926 καὶ
616 1859 667 1939 εἷς
687 1855 849 1949 οὐρανοὺς
864 1855 1041 1948 ἀνήγαγεν,
1071 1860 1177 1932 συνά-

61 1980 138 2056 ψας
160 1963 204 2041 ὡς
223 1961 306 2042 θεὸς
326 1958 543 2048 ἀξουσιασεὴς
564 1959 607 2026 τὰ
627 1958 761 2080 ἐπίγεια
778 1966 850 2038 τοῖς
868 1962 1030 2050 ἐπουρανι
1032 1987 1099 2042 οις,
1118 1969 1177 2036 καὶ

62 2064 125 2154 τὴν
144 2063 341 2184 γενομένην
345 2057 521 2129 διάστασιν
545 2057 772 2183 συναρμόσας,
806 2064 863 2129 καὶ
885 2062 1099 2149 ἐπαναγαγὼν
1118 2065 1178 2134 τδν

64 2161 248 2256 ἀνθρωπον
261 2160 311 2240 εἰς
325 2159 450 2250 ἐκείνην
460 2157 521 2250 τῆν
533 2157 646 2250 χάριν,
660 2155 722 2251 ἀφ’
737 2184 778 2248 ης
793 2156 976 2229 &adterere
990 2166 1046 2246 (de
1062 2180 1101 2231 tr.
1115 2168 1177 2249 ΠΙ,

65 2285 118 2350 27,
132 2274 221 2348 tao).
270 2266 288 2299 '²
296 2266 357 2331 Pro
371 2267 541 2328 hominurn
552 2267 651 2329 saluta
663 2268 792 2352 proprio
805 2267 873 2328 filio
887 2288 953 2329 non
967 2289 1100 2365 parcens
1112 2292 1178 2357 pa·-

64 2387 131 2450 ter,
156 2364 289 2433 tradidit
312 2387 386 2429 eum
406 2367 442 2428 in
460 2377 617 2443 mortem,
638 2377 675 2427 ut
687 2387 745 2451 per
759 2378 897 2428 mortem
910 2367 969 2428 sitii
983 2369 1037 2429 sui
1050 2367 1178 2433 deoru-
1252 2388 1255 2395 '

66 2487 118 2538 cto
138 2493 177 2534 eo
197 2471 252 2557 qui
272 2468 411 2530 habehat
432 2468 546 2529 mortis
563 2467 754 2551 imperirun,
781 2468 844 2529 hoo
860 2470 905 2530 est
920 2467 1064 2549 diabolo,
1086 2469 1179 2534 rodi-

65 2583 169 2638 meret
190 2569 378 2653 omnesqui
401 2569 440 2629 ab
460 2587 499 2629 eo
524 2568 718 2651 captivitatis
739 2568 868 2629 vinculo
882 2572 1098 2650 tenebantur„
1121 2570 1179 2651 (da
1215 2568 1218 2573 ’

65 2668 275 2762 sp.sctollL
296 2671 432 2754 pret).
483 2662 534 2729 Ita
554 2664 740 2730 Christus
766 2667 1178 2737 ‘'redenritsrorninaa
1260 2736 1262 2747 ,

67 2777 145 2854 (ib.)
159 2785 192 2834 et
205 2769 340 2852 suscepit
352 2788 409 2828 eos
421 2777 455 2828 et
468 2768 623 2829 exaltavit
634 2769 719 2830 illos.
768 2766 908 2856 Suscipit
927 2772 1015 2831 enirn
1036 2773 1179 2835 exaltat·

10 2902 15 2939 =.
67 2895 131 2961 que
148 2872 301 2949 salvator,
329 2881 362 2930 et
380 2865 565 2953 redemptor
582 2869 617 2929 iu
634 2869 767 2930 sublime
780 2871 864 2932 tollit
878 2873 1032 2932 virtutum
1046 2873 1121 2950 aiis,
1143 2884 1179 2937 et

10 2988 16 3041 i
68 2970 251 3037 eruditione
271 2983 304 3033 et
324 2970 455 3032 scientia
473 2966 634 3043 veritatis,
656 2988 719 3028 non
735 2967 775 3030 ad
791 2992 891 3032 unum
905 2982 1030 3033 tuntum
1046 2984 1076 3032 et
1093 2973 1180 3037 alte-

67 3097 141 3139 rum
155 3071 259 3150 diem,
287 3069 340 3133 sed
360 3072 395 3132 in
417 3069 566 3131 omnibus
582 3064 696 3129 diebus
710 3073 907 3132 aeternitatis
923 3073 1071 3135 habitans
1083 3074 1118 3135 in
1131 3077 1182 3138 eia'

67 3189 102 3241 et
116 3197 189 3238 cum
203 3175 267 3251 eis,
290 3184 323 3233 et
336 3189 437 3254 usque
455 3165 496 3230 ad
509 3168 814 3231 consmnmationeru
827 3170 923 3233 seculi
938 3173 1039 3233 vitam
1054 3176 1102 3236 eis
1117 3177 1182 3238 tri-

67 3281 171 3342 buens
183 3275 354 3356 salutisque
369 3281 479 3331 auctor
493 3270 643 3332 existent.
695 3268 856 3334 Omnibus
873 3283 983 3335 autern
999 3272 1112 3337 diebus
1126 3277 1182 3336 sa·-

59 3379 133 3447 ,culi
157 3376 344 3438 illuminans
364 3370 458 3435 corda
480 3392 609 3448 eorum,
640 3390 704 3431 non
720 3369 793 3431 sinit
808 3372 911 3433 cosin
928 3375 1070 3436 tenebris
1083 3377 1182 3452 igno-

66 3481 193 3543 rantiae
206 3488 239 3538 et
250 3488 355 3537 errore
372 3473 498 3535 versari.
548 3470 590 3533 Et
605 3471 667 3531 hoc
686 3482 764 3555 puto
780 3471 842 3532 essa
859 3470 943 3557 quod
961 3476 1180 3558 scriptumest,

67 3582 104 3643 in
122 3578 271 3642 omnibus
286 3572 398 3638 diebus
416 3573 550 3635 exaltari
563 3591 648 3646 eoa„
640 3617 660 3648 ,,
709 3569 911 3688 Accepemnt
929 3575 1016 3636 eninr
1031 3576 1180 3639 hominen

68 3678 185 3743 Christi
204 3694 300 3761 opere
325 3669 512 3756 συγγένειαν
530 3664 620 3759 πρὸς
636 3690 695 3733 ιον
714 3655 863 3733 θεὸν
802 3710 813 3745 ,
842 3690 883 3758 ς
901 3692 962 3735 oux
984 3665 1181 3759 ἠξιώθησαν

68 3778 208 3858 (dignati
222 3778 327 3854 erant)
343 3770 476 3858 ἄγγελοι
489 3768 546 3852 (da
560 3783 597 3834 tr.
611 3769 655 3847 ΙΙ,
672 3783 721 3846 12,
738 3775 826 3851 249).
877 3771 979 3835 ”Filii
992 3773 1054 3836 Dei
1073 3777 1181 3841 sumus

66 3883 136 3960 jam
148 3897 167 3938 a
179 3877 337 3964 praesenti
350 3875 470 3951 seculo,
499 3869 585 3958 quod
600 3872 740 3934 seculum
753 3873 920 3951 significat,
943 3893 981 3935 eo
996 3874 1081 3959 quod
1093 3898 1180 3941 nunc

68 3981 153 4042 tales
167 3978 280 4055 simus,
303 3973 379 4037 durn
391 3975 511 4037 constat
523 3974 555 4034 in
569 3972 679 4049 nobis,
693 3972 782 4034 srcuti
793 3974 938 4059 posfibile
950 3975 1011 4050 est,
1033 3975 1067 4037 in
1082 3996 1181 4062 praa-

67 4079 153 4145 senti
169 4080 236 4140 vita
260 4079 400 4141 filiorum
423 4074 581 4159 adoptio„
603 4069 678 4150 (En.
698 4071 733 4132 in
758 4086 771 4136 t
791 4072 864 4135 Joh.
878 4070 935 4135 111.
953 4094 995 4157 .p.
1012 4084 1084 4141 329.
1109 4074 1179 4156 D.).

66 4179 164 4272 Quae
189 4199 261 4244 cum
281 4178 391 4245 omnia
409 4173 532 4243 Chrttro
552 4173 725 4242 debeamus
752 4174 815 4255 (cs.
827 4170 869 4237 da
888 4184 928 4236 tr.
942 4170 986 4258 ll,
1009 4186 1058 4260 12,
1078 4178 1179 4247 25⁵1.
