2572 4770
476 208 479 213 '
580 198 774 289 Didymen.
1178 204 1229 271 Ιῖ

109 386 261 443 utum
271 375 543 463 dtipssualratar3
564 367 781 465 πρωτότοκος
791 366 996 460 recondent
1005 369 1226 453 atheoton·

108 476 200 567 qnod
211 490 288 543 ante
300 478 401 566 ipram
412 491 536 545 creatur
548 481 605 562 lit3
632 480 753 568 alioqui
769 489 901 557 uocatus
913 466 1223 564 antecepmim-

107 597 209 660 ποςς
229 577 283 644 fed
295 580 370 666 quin
383 582 693 667 perprneicientinm
710 628 719 645 .
736 627 744 645 .
760 591 834 644 ante
847 598 978 643 ornnem
991 588 1223 657 creaturameu

109 684 218 745 tmere
229 679 331 745 Maria
350 680 473 763 virgine
490 693 586 745 natue
604 682 669 759 est,
698 684 746 767 (p
763 685 839 759 849)
856 694 890 746 at
903 680 978 768 quia
991 676 1079 741 idem
1093 677 1222 765 estpri-

107 781 291 865 mogenitue
303 794 338 847 ot
350 782 532 865 unigenitus
544 782 650 848 omnio
662 792 823 845 creaturae
836 782 1042 846 ineffabiliter
1053 781 1145 859 juxte
1163 776 1222 843 di-

109 883 226 949 vinurn
241 895 378 948 textum.
427 880 533 947 Simili
553 880 652 949 modo
670 893 803 947 vocatus
820 886 866 947 alt
883 883 981 946 etiam
1003 871 1221 967 πρωτότοκος

107 979 150 1051 de
161 981 229 1048 τῶ
238 981 375 1069 κηρῶν,
388 1004 453 1048 non
468 982 554 1071 quod
572 995 647 1047 ante
662 983 745 1070 iploa
757 995 901 1048 mortuos
912 983 960 1063 dt,
972 979 1027 1045 fed
1039 981 1130 1067 quie,
1143 1000 1219 1057 cn·

102 1085 231 1173 primus
243 1085 414 1150 surrexerit
424 1107 443 1150 n
455 1086 606 1165 mortuis,
618 1083 817 1147 securitatem
833 1081 1067 1149 resurrectionis
1078 1100 1218 1163 genara-

103 1186 181 1249 liter
194 1186 287 1251 nobie
300 1186 462 1273 praebuit,
485 1186 539 1273 qui
551 1207 610 1274 par
625 1185 804 1266 gratiamffct
818 1182 939 1247 donum
952 1186 1022 1263 ajon
1035 1180 1126 1265 digni
1138 1182 1218 1249 teon

102 1287 232 1365 imur,
254 1287 310 1373 qui
323 1288 532 1353 effernusfilii
544 1284 877 1375 quidemDeipatria,
897 1287 1012 1348 iratres
1024 1304 1104 1347 vero
1116 1282 1217 1370 ipae·

103 1385 232 1453 Gltrilti.
246 1434 256 1452 .
295 1386 531 1470 Primogenitua
542 1389 648 1453 omnia
662 1398 824 1451 creaturae
839 1384 943 1449 dictur
956 1385 1002 1449 eit
1016 1404 1076 1471 pro
1087 1382 1216 1469 primn-

100 1487 211 1567 genito
228 1489 334 1552 omnio
347 1490 566 1557 humanitatis.
584 1538 592 1554 .
644 1486 841 1570 suffragatur
865 1499 974 1552 nutem
995 1484 1090 1548 nobie
1107 1480 1216 1572 quoad

99 1585 380 1655 denominationes
412 1590 617 1677 primogeniti
648 1603 682 1655 et
717 1591 874 1670 unigeniti
906 1583 1100 1667 evangeliste
1134 1604 1217 1649 nau«

96 1708 196 1770 rnna,
236 1688 371 1754 Mariam
398 1694 542 1759 mantilia
568 1694 751 1776 virginemt
781 1691 883 1756 donec
915 1686 1076 1776 pepererit
1106 1687 1214 1753 filiun

96 1792 193 1855 iuum
206 1792 475 1877 primogenitum
501 1817 577 1858 nem
600 1817 707 1883 neque
727 1794 875 1881 cuiquam
897 1790 1004 1876 nuplit
1017 1789 1214 1865 illaiamne

95 1910 178 1977 prae
189 1892 340 1957 omnibus
354 1894 540 1959 honoranda
552 1908 585 1960 et
594 1898 737 1960 mexime
752 1896 871 1977 inclyta
882 1893 991 1972 uirgo,
1009 1910 1068 1953 nec
1079 1889 1214 1957 alteriue

95 2004 202 2057 muter
218 2015 361 2081 unquam
376 1996 461 2059 fecta
481 1998 545 2076 eit,
569 1996 626 2061 iad
643 2000 715 2085 poit
731 1993 938 2085 puerperium
958 2009 1085 2077 quoque
1097 1976 1229 2061 ΝΜ

95 2095 269 2181 imperet
281 2096 529 2184 omnitempore
543 2099 748 2162 immaculate
760 2098 868 2177 virgo,
889 2103 923 2156 et
934 2102 1045 2154 tamen
1058 2091 1129 2167 ejue
1140 2088 1214 2175 pri·

93 2196 280 2277 mogenitna
292 2208 377 2260 recte
389 2211 522 2262 vocatus
533 2200 578 2263 eit
590 2201 644 2286 qui
659 2212 693 2263 et
703 2200 805 2285 ipiam
816 2198 863 2283 (p.
877 2194 953 2271 ⁸50)
968 2199 1001 2255 οἱ
1012 2208 1127 2254 omma
1137 2188 1212 2265 ¹⁰¹⁶?

92 2296 208 2362 mavit.
264 2294 382 2378 Quoad
409 2302 682 2386 nuncupationem
706 2319 784 2365 vero
809 2289 1016 2385 primogeniti
1035 2310 1056 2353 e
1072 2286 1212 2377 mortnip

93 2398 281 2479 temnuntur
306 2398 399 2462 nobie
421 2400 488 2488 ipse
514 2399 635 2467 Paulus
665 2414 681 2470 1
704 2400 776 2467 Cor.
795 2399 874 2480 XV,
893 2411 936 2465 20
955 2397 1021 2482 [qq-
1041 2424 1080 2457 ···
1126 2384 1212 2463 ’Μ

92 2510 130 2565 ut
141 2500 240 2563 aliter
251 2498 351 2586 accipi
366 2512 450 2564 recte
466 2504 569 2589 poteit
582 2504 725 2582 objectus
736 2503 842 2582 locue3
864 2518 969 2586 neque
984 2494 1073 2560 enim
1084 2504 1209 2559 cerm

91 2597 269 2687 quemdem
281 2601 406 2664 leolum
420 2599 576 2665 duntaxat
584 2605 726 2688 [pectere
738 2624 799 2665 noa
812 2611 938 2690 oportet
948 2599 983 2662 iu
995 2597 1131 2663 oraculi·
1140 2606 1211 2661 tem

90 2701 301 2781 maumam,
330 2723 389 2765 nec
403 2701 496 2765 illurn
517 2705 684 2791 amplecti,
715 2704 890 2792 quintinus
902 2702 1062 2788 praestana
1075 2698 1133 2778 fit,
1151 2690 1211 2761 ind

91 2824 186 2882 eum,
213 2803 269 2889 qui
282 2803 435 2867 excellior
449 2823 486 2867 ac
500 2806 634 2890 melior3
663 2828 741 2870 nem
762 2826 836 2868 cum
859 2800 900 2866 de
912 2802 954 2864 iia
974 2800 1097 2880 agitur,
1124 2814 1211 2884 quun

91 2904 202 2971 Deum
214 2906 371 2989 lpectent,
390 2904 425 2967 in
440 2905 617 2971 sublimiori
629 2905 855 2993 explanatione
866 2904 948 2966 inest
965 2901 1095 2965 veritae.
1112 2932 1115 2941 ·
1133 2896 1209 2963 niul

88 3024 166 3087 argo
179 3006 299 3091 potest,
325 3004 576 3090 primogenitum
588 3007 695 3070 omnis
707 3019 869 3070 creaturae
883 3003 947 3068 dici
960 3002 1119 3069 Christum
1130 3020 1207 3065 ou

90 3118 223 3193 propter
233 3126 313 3185 eoa,
341 3105 445 3190 quiin
457 3103 568 3169 diuino
588 3108 747 3194 baptismo
767 3102 1044 3194 perndoptionam
1062 3099 1209 3187 nipiritn

88 3208 197 3271 iuncto
209 3208 325 3269 lectam
337 3219 529 3287 generentur
541 3208 683 3287 exDeo‚
704 3220 774 3271 tum
787 3206 887 3271 etiam
896 3206 970 3292 quia
979 3199 1135 3290 quidquid
1146 3202 1207 3267 in-

88 3326 163 3371 mun
178 3317 215 3368 et
235 3303 447 3391 poffidemua,
476 3310 517 3371 ab
537 3309 605 3395 ipio
625 3308 816 3394 accepimus.
833 3352 842 3371 .
862 3352 871 3369 .
912 3302 1037 3385 Quodii
1050 3305 1148 3369 etiam
1160 3300 1209 3379 de

86 3407 403 3492 incomprehonlibili
422 3406 537 3473 Chrilti
556 3406 677 3472 deitate
697 3405 849 3473 audacter
869 3406 1029 3493 explicere
1043 3406 1207 3471 velient-

85 3511 169 3588 lemn
185 3509 302 3588 rerba,
321 3507 367 3573 ita
378 3509 448 3572 fere
459 3507 642 3596 accipienda
654 3520 766 3589 erunt,
793 3520 829 3572 ut
840 3519 973 3570 vocatur
984 3508 1023 3571 lit
1035 3508 1205 3595 primoge-

87 3608 176 3673 nitua
186 3608 295 3673 omnin
309 3622 473 3674 creaturae
486 3622 543 3674 nut
554 3610 629 3697 quia
645 3610 772 3693 genitus
790 3610 837 3672 eit
853 3620 929 3671 unta
948 3609 1095 3695 quemvis
1108 3624 1203 3689 cran-

85 3718 154 3775 tum
173 3711 433 3792 gemmtionem,
466 3723 523 3775 aut
544 3711 620 3797 quia
637 3714 684 3775 eit
701 3710 824 3798 primus
842 3723 876 3775 at
894 3712 979 3776 lolua
999 3709 1087 3773 filiun
1108 3706 1207 3771 vm.
1262 3732 1268 3741 ·

87 3810 183 3890 bum,
214 3811 272 3898 qui
289 3832 334 3875 ax
353 3813 456 3876 nihilo
477 3831 700 3899 quamcunque
717 3824 895 3876 creaturam
918 3822 1061 3875 creatura
1085 3804 1211 3895 queriu-

43 3922 48 3931 '
87 3911 282 3975 untmiorem
307 3912 460 4001 produxit
482 3935 519 3977 ac
541 3912 643 3978 veluti
666 3914 834 3978 fabricarit
856 3913 1067 3997 omniumque
1088 3908 1207 3975 rernm

87 4014 255 4093 coniecit,
275 4026 332 4077 aut
347 4015 445 4080 etiem
460 4014 534 4104 quie
549 4013 615 4101 iple
630 4016 676 4077 eit
685 4014 934 4081 fundumentum
944 4012 1054 4077 omnin
1066 4022 1200 4098 portant

78 4118 187 4189 'norbo
197 4115 328 4183 uirtutis
339 4116 424 4183 luae.
440 4162 473 4182 ..
504 4114 615 4204 Atque
628 4119 763 4205 (past)
775 4120 817 4184 ob
832 4117 918 4183 hauc
928 4115 1029 4183 lolem
1039 4112 1202 4185 mfiom
