2572 4770
361 268 531 411 Origeuee
556 318 838 414 (Apologetr'ca).
1079 342 1154 409 807
1208 280 1212 287 Ι

35 517 141 595 queml
154 496 257 564 Moser
280 496 498 587 praedixerat,
526 501 676 589 risusque
696 504 743 567 est
760 505 935 571 nonnullos
948 506 1006 573 srbi
1018 512 1074 576 sua
1090 510 1156 580 do-

34 599 136 661 ctrina
151 602 329 667 conciliare.
373 601 438 666 Sed
452 602 639 667 Gamalielie
661 651 669 666 .
685 636 698 667 ·.
720 604 846 689 sapiens
858 606 989 671 effatum
1004 615 1153 700 proprius

32 697 89 762 hic
113 702 158 763 eit
177 701 380 765 memorandi
399 702 499 767 locus.
545 703 618 765 Hoc
639 703 726 765 enirn
749 705 862 788 probat
880 709 1023 774 maxime
1040 714 1115 780 illoc
1134 738 1155 783 tt

32 799 242 886 promissione
255 803 394 882 alienor,
416 825 481 866 nnn
495 802 580 866 filine
593 800 673 879 Dei,
697 825 762 865 non
775 804 841 867 Dei
854 807 1006 889 virtutes,
1026 812 1079 877 sed
1092 814 1154 881 Je-

31 900 104 961 sum
121 898 280 965 Christum
300 924 376 968 vere
391 903 455 969 Dei
474 903 579 966 silium
603 903 742 967 fuisse..
791 905 904 970 Voluit
925 921 957 970 et
972 908 1062 975 Simo
1075 913 1185 981 Me·'
1241 974 1247 989 ,

34 1021 96 1082 gua
114 1000 270 1066 Samarita
290 1006 354 1068 suia
369 1004 499 1086 magici'e
520 1004 641 1067 artibue
662 1002 819 1089 quosdam
839 1004 1001 1095 decipere,
1027 1026 1061 1077 et
1077 1027 1153 1084 tum

35 1100 163 1188 decepit
182 1103 331 1188 quidem,
359 1127 444 1168 nunc
467 1094 545 1169 dero
565 1126 630 1167 non
650 1105 784 1169 arbitror
797 1106 833 1168 in
847 1120 914 1171 toto
927 1114 1003 1174 orbe
1019 1118 1153 1202 reperiri

33 1204 123 1291 posse
139 1203 270 1283 triginta
283 1205 497 1270 Simonianae.
535 1203 588 1268 Ac
599 1208 683 1269 forte
698 1206 810 1289 plures,
823 1204 905 1282 dixi,
928 1230 1025 1296 quam
1036 1234 1152 1285 revera

32 1304 117 1366 sunt.
166 1302 322 1391 l‘erpauci
344 1309 473 1395 quidem
491 1303 595 1367 adhuc
609 1306 643 1369 in
657 1304 833 1370 Palaestina
845 1313 1025 1393 versantur3
1046 1297 1151 1383 sedin

31 1403 158 1489 reliquo
180 1407 256 1468 orbe
275 1410 389 1472 nullibi
408 1427 529 1472 nomen
549 1409 619 1484 ejus
638 1405 674 1468 in
695 1422 734 1469 ea
753 1409 799 1469 est
812 1408 933 1491 gloria,¹
951 1414 1102 1498 quamde
1115 1420 1151 1483 se

31 1503 236 1569 disseminare
249 1511 363 1574 voluit.
397 1509 460 1573 Ubi
472 1507 560 1570 enim
573 1507 782 1585 cognoscitur,
796 1527 836 1570 eo
851 1532 970 1575 nomen
984 1518 1053 1593 ejus
1064 1537 1152 1607 apo..

30 1605 184 1669 stolorum
199 1620 268 1673 ecta
284 1608 484 1689 detulerunt3
515 1604 699 1670 Christianis
722 1605 819 1670 debet
841 1631 923 1694 quae
943 1612 984 1675 de
1004 1616 1071 1703 ipso
1092 1615 1153 1682 di.

32 1718 163 1787 cuntur,
194 1721 289 1794 atque
316 1711 413 1773 etiam
434 1729 485 1773 res
507 1706 572 1791 ipsa
594 1703 765 1770 declaravit
782 1708 864 1771 nibil
883 1710 1027 1776 divinum
1044 1717 1078 1778 in
1091 1718 1152 1782 Si..

10 1806 129 1871 ‘mone
150 1810 281 1874 inisse.“
335 1806 463 1872 Deinde
474 1804 617 1870 Judaeue
638 1805 724 1890 apud
744 1805 871 1885 Celsum
891 1812 971 1873 vitio
988 1812 1061 1878 Jesu
1083 1816 1150 1896 det,

30 1907 117 1995 quod
139 1931 182 1972 ex
203 1911 275 1972 vico
299 1906 432 1971 ludaico
452 1908 493 1970 fit
513 1917 600 1969 ortus
628 1919 724 1991 a0que
750 1927 793 1970 ex
817 1920 921 1976 taetre
940 1909 1091 1992 indigena
1114 1927 1150 1982 et

26 2010 223 2094 paupercula
252 2005 425 2093 nendoque
448 2005 571 2070 rictum
597 2005 817 2090 quaeritante.
834 2051 865 2086 .,
901 2000 990 2095 qubd
1016 2027 1150 2101 propter

10 2119 251 2194 -peupertatem
262 2107 297 2169 in
308 2107 459 2195 Aegypto
472 2102 621 2169 mercede
634 2124 764 2189 operam
776 2107 864 2209 suepr
881 2107 1006 2188 locam,
1027 2111 1073 2173 ibi
1087 2132 1148 2177 er·-

21 2204 653 2296 unasquasdemertee,·quaeAegyptii
663 2204 962 2287 megaieestimant,
985 2208 1144 2296 didicerit,

18 2321 55 2374 et
78 2309 191 2394 postea
211 2308 248 2370 in
265 2309 401 2393 patriam
422 2307 566 2370 reuersus
577 2316 701 2368 tentum
714 2306 747 2365 se
758 2317 888 2391 propter
900 2308 974 2371 illae
985 2320 1068 2376 artes
1080 2334 1147 2378 ex-

12 2409 156 2486 tulerit,
184 2418 221 2469 ut
246 2408 351 2471 etiem.
366 2411 399 2471 se
418 2407 528 2473 Deum
541 2405 733 2489 ¹appelleret.
785 2404 843 2469 Ad
862 2408 923 2470 lroc
942 2408 1100 2493 Origenes
1113 2413 1144 2497 s,

10 2516 63 2577 29
78 2510 147 2594 sqq.
169 2530 202 2592 p.
221 2513 282 2574 847
296 2508 381 2594 sqq.=
416 2501 748 2591 „Genue.quidem”,
778 2505 965 2592 respondet,
993 2532 1145 2599 „puren-

10 2611 97 2673 hrm
118 2607 255 2689 dignitas
269 2619 302 2671 et
316 2607 560 2695 praecellentia,
587 2604 713 2689 amplae
727 2623 839 2668 eorum
851 2605 893 2669 ed
903 2609 1008 2672 lilium
1020 2613 1146 2679 libera..

10 2700 100 2775 liter
111 2704 315 2773 educandum
329 2708 513 2785 facultates,
532 2703 698 2791 splendida
713 2715 745 2765 et
757 2703 889 2770 illustria
902 2706 1022 2791 patria,
1049 2714 1143 2777 mul.

10 2815 96 2877 lum
118 2815 289 2877 conferunt
310 2806 351 2873 ed
369 2804 589 2894 splendorem,
615 2803 657 2867 ed
670 2802 821 2884 gloriam,
843 2804 884 2867 ad
897 2806 1037 2873 neminie
1051 2813 1143 2877 cele·-

10 2907 193 2994 britatem3
222 2907 350 2998 quando
371 2929 450 2969 vero
468 2904 557 2991 quie,
584 2902 636 2967 cui
657 2905 736 2965 lruec
758 2903 866 2967 omnia
886 2906 974 2971 secus
995 2912 1145 2993 contige-

10 3024 114 3093 runt,
141 3015 274 3100 poteste
288 3022 335 3073 tot
349 3004 586 3072 difficultatibus
600 3000 641 3066 ad
655 3003 831 3068 claritatem
848 3026 1026 3088 emergere,
1048 3032 1145 3076 com.

10 3128 156 3181 movere
173 3111 221 3175 sui
238 3112 326 3175 fame
348 3108 549 3172 audientium
569 3104 710 3182 animoa,
740 3103 810 3167 sieri
828 3105 961 3168 celebria
979 3120 1012 3169 et
1025 3110 1141 3193 clarus,

10 3212 176 3300 fameque
188 3211 393 3281 trinominis
405 3209 589 3271 universum
604 3207 719 3268 orbem
727 3202 863 3290 implere
877 3204 1001 3269 insolita
1016 3206 1060 3273 de
1070 3209 1142 3296 ipso

10 3312 278 3404 praedicantem,
299 3310 371 3399 quia
383 3307 528 3372 indolem
538 3302 725 3384 hujusmodi
735 3288 891 3387 spontffltrt
903 3324 947 3367 ex
956 3309 989 3370 se
1000 3307 1066 3394 ipsa
1078 3330 1140 3391 ge·-

10 3417 186 3495 netosem,
206 3411 333 3495 magnis
346 3412 441 3474 rebus
456 3426 587 3494 operam
602 3403 750 3481 dentem,
778 3403 897 3467 eximie
910 3404 1027 3472 fiducia
1039 3432 1140 3496 prae·

10 3512 125 3583 ditem
140 3537 207 3579 non
219 3509 419 3576 admiretur?
461 3508 497 3574 si
509 3507 580 3595 quie
593 3518 701 3569 nutem
714 3502 947 3570 altiurscruteri
957 3508 1052 3588 velit,
1073 3529 1139 3573 an·

10 3633 89 3683 non
102 3617 133 3679 ia
146 3616 344 3703 quaesiturus
362 3613 425 3690 err,
452 3627 593 3698 quonam
610 3604 708 3669 modo
724 3601 781 3665 ille
795 3623 888 3688 perce
902 3618 935 3669 et
946 3606 980 3671 in
993 3626 1137 3695 pauper.

10 3723 86 3783 tate
107 3714 277 3792 educatur,
309 3711 471 3796 nullisque
489 3708 674 3772 liberalibus
693 3701 867 3788 disciplinis
888 3707 1048 3785 eruditus,
1075 3727 1149 3772 ru...

10 3812 70 3883 die
96 3828 132 3879 et
154 3815 322 3903 imperitus
348 3813 484 3892 artium,
521 3811 696 3899 quaesunt
716 3802 757 3867 ad
777 3804 971 3884 flectendoa‚
1003 3803 1138 3870 demul-

10 3914 144 3985 nendoe
165 3912 443 3998 conciliandosque
464 3910 522 3975 sibi
549 3907 692 3996 plurium
717 3903 898 3969 auditorum
926 3902 1057 3975 animun
1074 3924 1136 3971 ac·

10 4013 228 4096 commodae,
260 4016 418 4098 aggressor
437 4012 476 4073 sit
493 4031 578 4074 nova
599 4006 747 4091 dogmata
766 4004 984 4092 promulgare,
1011 4001 1136 4070 doctri-

10 4130 163 4206 namque
182 4115 217 4177 in
234 4136 335 4198 genus
352 4115 531 4176 humanum
543 4111 714 4187 invehere,
732 4127 814 4193 quae
829 4118 861 4168 et
874 4102 1070 4171 ludaeorum
1084 4106 1138 4174 ri.
1156 4155 1159 4159 .

10 4220 91 4300 tue,
112 4215 242 4323 intacti·
255 4229 488 4306 temeneorum
500 4194 816 4378 prophetie,urt;olet
829 4202 1015 4274 etmazlme
1028 4206 1136 4277 Gree-
