2572 4770
512 250 710 355 Dionysium.
1108 273 1168 340 2⁶

52 441 125 524 Ego
138 461 219 507 vero
235 440 352 504 librum
364 441 458 506 illum
471 444 601 520 rejicere
615 442 746 505 omnino
763 465 827 506 non
848 445 965 525 aufim,
984 446 1168 532 praesertim
1200 486 1203 491 ·

55 566 132 607 curn
147 545 244 605 multi
259 563 301 605 ex
312 546 463 607 iratribus
478 566 554 607 oum
567 544 676 624 magni
689 547 822 624 saciaut3
852 547 907 610 sed
926 547 1113 626 hujusmodi
1128 547 1168 615 de

52 644 118 707 illo
137 644 323 728 opinionem
342 647 540 731 concipiens,
572 647 657 732 quasi
676 648 782 708 sensus
798 650 862 710 mei
875 647 1009 710 modum
1024 649 1168 730 excedat,

57 764 207 808 arcanam
226 744 387 829 quandam
409 750 567 835 planeque
594 748 814 811 admirabilem
835 749 1029 827 lingularum
1060 771 1169 815 rerum

59 848 305 927 intelligentiam
327 850 425 909 latere
449 851 604 912 existimo.
663 851 744 914 Nam
765 851 822 911 etsr
842 851 908 934 ipse
932 873 995 913 non
1013 852 1168 934 intelligo,

56 948 195 1033 suspicor
221 959 347 1026 tamen,
382 950 529 1012 altiorem
559 947 720 1036 quendam
752 953 876 1012 sensum
903 953 1009 1014 verbis
1036 955 1168 1017 subesse.

55 1049 170 1135 anue
191 1070 350 1139 nonnrueo
370 1051 467 1134 ipsius
482 1051 600 1129 judicio
619 1055 734 1115 metior
749 1064 843 1136 atque
858 1054 1007 1132 aestirno;
1029 1053 1082 1115 sed
1095 1056 1169 1136 plur
1278 1061 1282 1075 '

56 1149 136 1215 fidei
148 1150 291 1212 tribuens
304 1152 486 1212 sublimiora
503 1156 565 1214 esse
580 1156 706 1230 censeo,
721 1172 818 1236 quam
834 1164 871 1212 ut
887 1174 905 1212 a
920 1174 973 1213 me
988 1155 1169 1239 percipian-

57 1265 121 1314 tur.
170 1252 238 1318 Nec
259 1271 300 1314 ea
319 1251 515 1333 condemno,
545 1274 625 1339 quae
645 1254 823 1332 intelligere
842 1274 909 1313 non
927 1255 1033 1338 potui,
1055 1260 1193 1329 verum

57 1351 135 1415 inde
148 1350 289 1415 admiror
301 1356 417 1433 magis,
450 1353 535 1441 quod
556 1374 667 1440 capere
684 1375 749 1415 non
762 1355 895 1438 possum.
912 1400 919 1418 .
936 1400 944 1415 .
988 1353 1171 1419 Johannem

59 1464 223 1535 auctorem
233 1455 339 1516 vocari
353 1457 470 1542 (Apoc.
486 1457 597 1533 XXII,
616 1470 647 1523 7.
663 1457 696 1533 8)
716 1465 748 1516 et
763 1454 879 1518 librum
896 1475 914 1515 a
930 1454 1075 1517 Johanne
1091 1457 1172 1519 scri-

58 1566 153 1639 ptum
168 1556 232 1616 else
251 1575 316 1616 non
336 1558 477 1635 inficior,
505 1560 609 1620 fateor
632 1559 735 1632 enirn,
764 1556 862 1617 sancti
882 1553 1045 1633 cujusdam
1063 1570 1095 1619 et
1115 1558 1171 1623 di-

58 1655 138 1717 vino
151 1655 261 1740 spiritu
274 1656 371 1718 aldati
386 1659 446 1719 riri
459 1656 492 1719 id
507 1681 586 1744 opus
602 1661 673 1722 esse.
710 1654 773 1719 Sed
790 1658 875 1717 huuc
890 1659 992 1741 ipsum
1010 1661 1072 1722 esse
1088 1680 1172 1745 apo-

60 1756 193 1833 stolum,
225 1755 386 1820 Zebedaei
404 1760 525 1835 lilium,
552 1759 660 1821 Jacobi
681 1761 830 1834 fratrem,
856 1761 945 1833 cujus
964 1761 1009 1820 est
1028 1780 1172 1841 evauge-

60 1858 142 1920 tium
163 1856 261 1936 illud,
291 1857 377 1942 quod
397 1857 568 1921 secuudum
583 1859 765 1922 Johauuern
778 1860 968 1935 inscribitur,
992 1873 1025 1922 et
1040 1863 1171 1945 epistola

62 1959 236 2035 catholica,
256 1957 344 2021 haud
357 1961 452 2021 facile
466 1959 678 2020 concesserim.
728 1960 809 2024 Nam
829 1980 870 2020 ex
889 1962 1054 2043 utriusque
1076 1964 1171 2039 genio

62 2071 95 2122 et
111 2060 217 2122 forma
232 2058 401 2144 loquendi,
431 2071 464 2122 et
482 2080 525 2120 ex
544 2059 644 2118 libelli
665 2059 763 2121 totius
785 2058 880 2149 ductu
900 2080 934 2120 ac
955 2057 1170 2147 dispositione,

64 2184 129 2225 non
143 2182 244 2222 unum
259 2159 462 2246 eundemque
476 2161 658 2245 scriptorem
675 2162 737 2221 esse
752 2161 894 2238 conjicio.
925 2157 1054 2243 Quippe
1069 2179 1173 2223 evan·
1282 2202 1285 2209 ·

63 2262 171 2343 gelista
195 2259 327 2346 quidem
347 2262 461 2323 nullibi
483 2283 603 2324 nomen
623 2264 715 2325 suum
734 2258 894 2340 adscribit,
923 2280 981 2321 nec
997 2238 1172 2348 semetipse,

63 2363 174 2426 autin
197 2362 381 2441 evangelio,
407 2374 461 2423 aut
483 2363 515 2423 iu
541 2363 671 2446 epistola
690 2359 905 2447 praedicat...
956 2360 1003 2424 At
1018 2362 1094 2442 ille,
1117 2364 1173 2450 qui

63 2464 296 2528 revelationem
309 2463 434 2547 scripsit,
448 2464 481 2524 in
495 2463 560 2550 ipso
576 2464 679 2525 statim
691 2461 822 2525 exordio
838 2483 957 2523 nomeu
971 2464 1061 2526 suurn
1074 2486 1174 2550 prae-

63 2565 144 2647 figic
159 2611 168 2627 .
183 2611 192 2627 .
235 2564 451 2643 Evangelistes
465 2584 542 2626 vero
559 2585 600 2626 ne
615 2565 786 2628 catholicae
801 2561 932 2649 quidem
946 2565 1095 2649 epistolae
1109 2589 1174 2629 no-

65 2668 256 2730 mensuum
286 2665 450 2752 praefixit,
486 2664 537 2727 sed
559 2669 677 2751 absque
698 2665 763 2726 ulla
786 2666 956 2726 verborum
981 2666 1113 2746 ambage
1133 2668 1174 2729 ab

64 2769 133 2856 ipso
148 2765 278 2837 divinae
292 2766 496 2828 revelationis
511 2769 659 2847 mysterio
673 2765 803 2829 exorsus
818 2766 871 2826 est.
888 2811 895 2826 .
944 2766 1055 2852 Neque
1073 2768 1105 2829 in
1122 2769 1174 2830 le-

66 2868 170 2933 cunda
191 2889 227 2931 ac
246 2868 354 2944 tertia,
390 2887 471 2951 quae
486 2867 622 2931 iohanni
645 2868 741 2946 uulgo
763 2861 996 2945 adscribuntur,
1024 2864 1174 2953 epistolis,

67 2970 215 3058 quamvis
227 2967 432 3046 brevissimis,
444 2968 600 3030 iohannis
613 2968 802 3028 vocabulum
818 2969 951 3051 prostat;
971 2989 1084 3031 rerum
1098 2972 1177 3034 aba·

67 3093 131 3158 que
146 3072 215 3133 ullo
231 3058 395 3132 nomines)
411 3060 635 3152 πρεσβύτερος
646 3067 831 3130 inscribitur.
880 3064 975 3130 Alter
995 3081 1101 3132 autem
1118 3072 1176 3157 ille

66 3195 133 3236 non
147 3172 222 3234 satis
234 3171 345 3232 babuit
357 3171 486 3232 nomine
501 3172 556 3230 suo
569 3170 668 3228 semel
689 3165 775 3229 edito
796 3169 1008 3232 narrationem
1027 3169 1177 3259 deinceps

66 3273 231 3361 prosequi,
259 3269 313 3333 sed
324 3273 441 3333 iterum
452 3270 568 3355 repetit
584 3270 699 3354 (Apuc.
715 3267 742 3347 l,
758 3282 794 3348 93
814 3268 926 3347 XXII,
941 3282 969 3334 7.
985 3273 1027 3348 8).
1042 3320 1049 3334 .
1066 3320 1073 3335 .
1116 3274 1177 3337 Jo-

65 3378 210 3440 hannem
223 3373 320 3453 igitur
332 3376 394 3436 esse
409 3385 569 3435 auctorem
583 3370 679 3447 hujus
691 3371 779 3446 libri,
801 3370 859 3454 ipsi
869 3370 903 3431 id
916 3369 1085 3436 affirmanti
1105 3395 1179 3437 cre-

68 3474 214 3540 dendum
227 3476 289 3553 est;
309 3473 363 3537 sed
379 3475 523 3559 quisnam
537 3472 592 3533 iile
605 3471 702 3532 scierit
716 3470 894 3551 Johaunes,
909 3473 1074 3536 incertum.
1108 3473 1179 3538 Ne-

66 3599 132 3666 que
154 3577 244 3642 enim
264 3576 398 3660 seipsum
420 3576 482 3635 else
504 3572 604 3651 dixit,
632 3575 709 3635 licut
726 3573 760 3633 in
775 3576 940 3654 evangelio
955 3574 1078 3660 saepius
1095 3572 1179 3634 dici-

68 3691 141 3757 tur,
179 3675 368 3761 discipulum
396 3675 508 3753 illum,
546 3696 641 3760 quem
669 3671 781 3737 dilexit
807 3673 973 3755 domiuus,
1000 3687 1054 3737 aut
1073 3675 1177 3755 illum,

68 3781 126 3866 qui
144 3781 238 3863 supra
251 3788 367 3862 pectus
386 3773 508 3838 domini
529 3776 690 3855 recubuit,
712 3788 766 3837 aut
781 3777 911 3838 fratrem
923 3776 1048 3854 iacobi,
1067 3786 1121 3836 aut
1132 3774 1191 3837 il-·

67 3883 140 3944 lum
157 3879 318 3963 denique,
354 3877 410 3961 qui
429 3874 596 3937 dominum
623 3875 704 3938 vidit
729 3891 823 3962 atque
850 3876 982 3939 audivit.
1041 3875 1180 3967 Aliquid

67 3983 160 4047 enim
173 3982 308 4057 horum,
337 3997 418 4063 quae
438 3989 613 4040 memorata
626 3978 712 4055 sunt,
741 3991 823 4040 certe
840 3977 981 4055 dixisset,
1003 3975 1027 4036 sr
1045 3975 1180 4060 seipsum
1198 4024 1203 4035 .

69 4078 194 4168 liquido
207 4078 355 4142 voluisset
369 4077 544 4142 ostendere.
596 4076 659 4141 Sed
681 4081 798 4142 horum
817 4076 946 4163 quidem
963 4076 1044 4136 nihil
1058 4079 1179 4162 posuit;

69 4187 205 4252 sratrern
226 4201 304 4246 reru
325 4178 479 4255 duntaxat
499 4192 532 4242 et
558 4182 732 4244 consortem
754 4182 893 4243 uostruur
912 4179 975 4241 sese
996 4180 1180 4267 appellarit,
