2572 4770
120 243 172 311 ⁷2
406 232 514 328 -Οαικ
538 232 590 304 lt.
639 166 939 303 flammaticus

121 416 249 480 luerunt
274 410 333 481 τὸν
348 399 449 503 ύρτρν
464 404 558 501 ἡμῶν
574 410 633 479 τὸν
647 405 822 479 ἐπιούσιον
837 399 985 497 δὸς-ἡμῖν
996 401 1162 495 σήμερον,
1188 408 1233 477 de

120 538 207 605 pane
218 538 381 602 corporeo,
393 517 444 581 sed
459 520 500 580 ib.
508 541 538 604 p.
548 526 619 584 247.
628 515 668 580 D.
678 515 771 579 dicit:
792 514 1010 577 Substantialie
1022 503 1233 595 (ἐπιούσιος)

120 619 243 704 „panis
257 621 320 699 all,
349 619 404 705 qui
421 621 566 681 rationali
587 631 717 681 naturae
737 617 1049 679 convenientillimua
1068 614 1234 700 ipsiusque

121 719 310 783 substantiae
323 719 425 782 affinis
438 722 603 783 sanitatem
617 720 755 783 simulet
769 722 883 782 bonam
897 713 1119 779 habitudinem
1131 726 1166 778 et
1177 717 1236 778 vi-

120 840 174 885 tea
192 822 226 881 in
247 822 353 884 anima
373 821 485 899 efficit,
512 821 847 905 immortalitatemque
866 822 953 881 suam
976 819 1036 896 (est
1054 817 1148 905 enim,
1164 818 1236 881 im-

120 923 258 985 mortale
277 925 410 984 rerbum
428 925 505 1002 Dei)
527 919 705 984 comedenti
727 924 758 983 se
777 920 998 982 communicat.
1010 919 1028 950 ”
1075 918 1236 982 Vocabu-

120 1020 192 1085 lum
220 1033 328 1084 autem
352 1016 530 1098 incoriatus
553 1024 598 1084 ita
626 1023 764 1105 explicat
791 1023 832 1083 ib.
862 1042 894 1105 p.
916 1026 977 1085 245
998 1022 1063 1104 sqq.
1087 1031 1122 1082 et
1149 1029 1232 1088 2492

120 1119 324 1202 „Sciendum
346 1129 406 1205 est,
439 1145 553 1186 vocem
578 1122 668 1182 illam
692 1113 868 1185 ἐπιούσιον
889 1142 907 1183 a
925 1122 1014 1184 nullo
1036 1118 1235 1187 Graecoruu

121 1234 178 1305 aut
190 1225 367 1309 sapientum
380 1225 522 1310 usurpari
533 1236 553 1300 ,*
569 1243 673 1306 neque
687 1221 776 1300 vulgi
791 1225 854 1284 esse
870 1219 1100 1285 consuetudine
1114 1225 1233 1304 tritam,

66 1394 72 1415 Ι
120 1321 177 1389 led
190 1326 229 1387 ab
245 1326 443 1405 evangelistis
456 1327 560 1387 sictam
572 1321 683 1385 videri.
732 1320 771 1385 In
787 1344 825 1385 ea
839 1334 872 1384 et
885 1322 1067 1385 Matthaeus
1081 1335 1115 1387 et
1128 1323 1234 1390 Lucas

68 1430 71 1437 '
121 1426 319 1492 conveniunt
342 1446 477 1510 eamque
500 1427 589 1486 nullo
611 1421 792 1485 discrimine
812 1423 957 1486 esserunt.
1013 1421 1128 1486 Simile
1149 1428 1235 1489 etin

122 1525 196 1588 aliis
224 1527 369 1588 fecerunt
397 1527 452 1612 qui
477 1528 556 1615 ,sunt
583 1526 729 1586 hebraica
759 1525 967 1609 interpretati.
1037 1522 1119 1603 Quia
1146 1526 1235 1590 enirn

123 1622 317 1693 Graecorum
338 1647 480 1712 unquam
498 1646 578 1687 voce
599 1616 755 1702 ἐνωτίζοο
779 1627 854 1686 usus
874 1627 920 1686 est
940 1636 996 1687 aut
1013 1615 1238 1713 ἆνουτίσθησι

122 1747 182 1812 pro
204 1729 333 1792 auribus
354 1727 482 1812 percipe
500 1738 555 1786 aut
575 1723 686 1788 audire
706 1722 781 1787 fac?
822 1724 933 1787 Simile
949 1720 1114 1810 ἐπιουσίῳ
1134 1746 1237 1791 roca-

121 1827 236 1891 bulum
261 1828 387 1911 apllose
405 1828 553 1912 scriptum
575 1828 620 1889 est
642 1847 661 1887 a
682 1824 753 1887 Deo
776 1823 896 1888 dictum
921 1826 1039 1904 (Exod.
1064 1827 1162 1908 XIX,
1182 1834 1240 1911 ,ὓσ-

121 1915 219 2011 duale
239 1927 276 1993 δὲ
297 1923 419 1995 ἔσεσθέ
438 1949 499 2007 μοι
520 1920 602 2001 λαὸς
622 1917 840 2011 περιούσιος..
885 1927 934 1990 Αο
953 1927 1080 1991 videtur
1101 1942 1235 2018 utreque

122 2052 190 2097 rox
203 2034 241 2093 ab
255 2022 354 2117 οὐσίᾳ
368 2029 539 2101 Ιοοΐιοιιιίο,
549 2029 715 2091 efformata
729 2030 809 2105 ell'e;
831 2028 887 2091 illa
901 2041 936 2091 nt
950 2050 1067 2114 panem
1082 2031 1236 2111 ostendet,

123 2134 239 2219 quiin
268 2133 470 2198 substantiam
497 2132 636 2191 nostram
661 2139 878 2208 conversatum
914 2131 992 2197 haec
1018 2142 1055 2198 ut
1080 2135 1238 2217 populum

123 2234 292 2314 significet,
336 2234 391 2320 qui
421 2234 502 2294 circa
529 2230 731 2292 substantiam
761 2231 903 2292 versetur
929 2232 1023 2316 sique
1051 2236 1241 2297 communi·-

124 2326 176 2397 cbt
178 2380 307 2400 ......
351 2332 447 2397 Dicet
459 2332 591 2416 aliquis,
611 2324 788 2394 ἐπιούσιον
802 2334 841 2394 ab
857 2326 990 2395 ἐπιέναι
1004 2331 1155 2396 accedere
1165 2337 1240 2399 sor-

122 2444 248 2499 matum
262 2436 341 2511 esse,
362 2435 407 2495 ita
422 2445 458 2494 ut
470 2444 579 2518 petere
597 2435 761 2508 jubeamur
773 2433 937 2515 proprium
951 2435 1053 2496 futuri
1066 2438 1163 2499 seculi
1177 2457 1241 2523 pa-

122 2553 218 2611 nem,
244 2546 280 2594 ut
299 2554 357 2617 per
378 2533 639 2617 anticipationem
660 2533 753 2593 nobis
772 2532 865 2593 illum
889 2532 979 2599 Deus
997 2538 1062 2614 jam
1087 2539 1241 2618 largiatur

121 2628 282 2718 'deturque
301 2632 419 2712 hodie,
449 2630 535 2718 quod
556 2633 659 2693 veluti
679 2652 745 2693 cras
759 2628 902 2696 dandum
922 2648 1006 2713 erat3
1034 2636 1132 2701 hodie
1150 2642 1241 2705 enirn

122 2756 183 2824 pro
203 2736 306 2797 seculo
328 2738 490 2821 praesente
510 2735 626 2818 accipi,
656 2754 724 2796 cras
744 2756 802 2818 pro
821 2735 941 2800 futuro.
985 2736 1050 2800 Sed
1064 2761 1138 2802 cum
1151 2744 1243 2826 prior

123 2837 265 2923 acceptio
283 2858 338 2898 rna
356 2836 487 2924 quidam
508 2835 612 2916 jndice
630 2835 745 2897 melior
762 2836 816 2913 tit,
843 2834 1063 2921 expendamus
1076 2840 1158 2904 illud
1176 2844 1242 2907 ho-

124 2932 195 3016 die,
218 2936 303 3024 quod
319 2935 404 3023 apud
417 2936 616 3000 ll'latthaeum
631 2938 682 2998 his
698 2934 863 3015 adjicitur,
893 2949 948 2999 aut
965 2939 1051 3025 quod
1066 2941 1152 3027 apud
1166 2943 1245 3009 Lu..

125 3058 195 3102 cam
210 3040 416 3124 scriptumest
432 3040 467 3100 in
484 3037 580 3102 diem.
630 3038 703 3100 lllos
723 3040 769 3099 est
787 3038 957 3121 scripturae
976 3045 1087 3107 mttltis
1108 3045 1144 3108 in
1160 3046 1242 3111 locis

123 3156 242 3203 aevum
256 3161 351 3201 omne
364 3138 462 3202 hodie
476 3140 618 3202 vocare”
631 3150 664 3202 et
680 3161 733 3223 qu.
747 3140 790 3223 tq.
833 3137 950 3205 Contra
964 3141 1043 3208 Cels.
1059 3144 1086 3224 1,
1102 3157 1152 3212 1³.
1174 3150 1239 3212 vol.

123 3234 153 3317 I,
169 3249 227 3306 881
247 3238 286 3301 ad
306 3238 406 3306 tCor.
419 3239 480 3319 Ill,
499 3253 545 3308 ttt.
563 3256 598 3308 19
614 3243 693 3302 haec
707 3241 818 3303 habet:
850 3241 960 3322 „Ergo
976 3264 1041 3306 non
1054 3247 1240 3334 hmpliciter

123 3340 171 3407 ait
189 3342 349 3425 apostolus
369 3341 552 3426 sapientiam
574 3344 637 3405 else
658 3341 822 3404 stultitiam
844 3341 929 3426 apud
949 3343 1072 3426 Deum,
1104 3348 1162 3414 sed
1185 3352 1251 3414 Iu

123 3440 278 3531 pientiam
293 3441 526 3520 hujusmundi.
541 3493 549 3509 .
600 3443 798 3530 Sapientiam
819 3444 914 3523 igitur
932 3446 1028 3524 hujus
1046 3450 1145 3512 seculi
1157 3447 1244 3515 dict-

123 3561 198 3607 mus
212 3562 284 3606 earu
296 3543 548 3626 philosophiam,
571 3565 651 3629 quae
664 3544 749 3605 salsis
765 3542 968 3628 opinionibus
989 3557 1055 3609 tota
1075 3551 1242 3634 pleuresi,

124 3653 159 3707 et
180 3663 262 3730 quae
282 3641 457 3705 secundum
476 3645 660 3730 scripturam
674 3646 797 3708 inutilis
808 3658 841 3708 et
854 3647 1046 3731 supervacua
1059 3648 1243 3719 redditur.”

123 3738 413 3807 Manilel'tissrmum
426 3744 558 3807 literalis
572 3744 841 3832 interpretationis
850 3748 1039 3832 exemplum
1051 3748 1155 3816 edidit
1161 3751 1244 3818 ori-

124 3861 224 3927 genes
236 3844 350 3908 homil.
366 3840 409 3921 Il,
426 3842 494 3910 εἰσ
513 3841 624 3911 Genes.
638 3851 703 3912 rol.
719 3848 762 3926 ss,
780 3861 838 3930 61„
864 3849 919 3934 qui
932 3868 1045 3928 graece
1058 3850 1166 3917 adhuc
1179 3874 1242 3918 ex·-

123 3944 183 4007 hat
200 3946 307 4023 locus,
337 3945 395 4007 ubi
415 3957 522 4008 contra
542 3946 712 4032 Apellam,
740 3946 910 4012 Marcionis
931 3949 1140 4037 discipulum,
1167 3976 1242 4018 ma«

123 4042 327 4124 gnitudiuetn
350 4065 440 4123 arcae
454 4045 631 4111 Noachicae
653 4068 888 4136 numerumque
907 4052 1095 4117 animalium
1109 4075 1242 4121 accurs-

121 4141 240 4217 tlsbtue
254 4142 297 4212 ad
309 4145 436 4216 literam
450 4144 596 4216 defendit
616 4151 728 4239 (panto
746 4154 906 4240 postrero
926 4155 1026 4226 suam
1037 4155 1240 4240 allegoricam
