2572 4770
415 367 515 387 ·······
573 352 645 405 rtt'
695 366 797 385 ⁸¹·-

64 498 176 569 verba
189 498 349 569 videntur
360 503 568 591 tigniiicare,¹
595 517 692 571 autea
710 504 825 594 plures
837 504 882 572 isti
894 504 1030 583 muneri
1043 504 1140 579 ssmui

65 625 210 693 operam
229 606 373 687 navans,
394 605 427 671 id
442 606 531 693 quod
543 605 695 673 historiae
707 608 855 675 maxime
868 606 1034 673 convenit,
1053 628 1147 697 eum

51 720 167 773 entes
173 706 387 775 Pantaenum
401 721 500 796 atque
512 711 721 778 Clementem
730 708 959 776 Alexandriae
974 696 1141 797 aliquam-

70 808 129 874 diu
143 830 212 875 uno
234 809 421 900 eodemque
437 825 590 900 tempore
612 812 759 879 versatos
782 814 847 879 else
866 810 1021 894 sciamus,
1059 832 1141 875 eos-

10 914 19 927 '
66 910 147 978 deur
160 934 245 977 vero
267 924 350 980 tune
371 914 532 1002 temporis
552 913 771 1003 persecutioni
793 913 946 980 cedentes
960 904 1139 1001 ‘instigem

64 1013 248 1081 coniectos.
301 1016 377 1083 Post
400 1017 549 1104 ipsorum
575 1017 720 1083 reditum
746 1016 937 1083 Pantaenus
961 1005 1140 1104 tranquille
1244 1050 1247 1055 ·

63 1114 205 1204 degill'e,
246 1117 404 1184 Clemens
419 1133 531 1186 autem
547 1142 612 1189 una
630 1141 708 1185 cum
724 1118 873 1207 Origene
887 1140 991 1207 porro
1007 1116 1139 1184 videtur

63 1218 201 1293 scholae
222 1218 412 1308 praefuiffe.
469 1222 639 1309 Quocirra
660 1221 743 1288 haee
764 1244 819 1287 res
841 1210 985 1309 quaefita
1008 1222 1053 1284 fic
1072 1218 1139 1284 [er

63 1320 243 1390 habuerit:
271 1404 275 1409 Ι
298 1322 495 1416 Praefectus
522 1329 589 1391 five
614 1339 726 1391 rector
753 1322 886 1389 scholae
912 1314 1044 1408 semper
1073 1318 1139 1391 tuit

64 1423 189 1489 unicus
217 1422 271 1502 (id
285 1425 375 1513 quod
391 1425 569 1504 Eusebius,
599 1428 833 1516 Hieronymus
848 1438 881 1491 et
894 1422 1071 1511 Philippus
1084 1423 1140 1488 Si·
1208 1502 1212 1515 Ι

64 1524 156 1592 detes
171 1526 389 1613 fignificant),
433 1551 532 1616 quem
553 1527 648 1592 haud·
666 1552 747 1617 rapo
767 1530 852 1596 alter
872 1527 1028 1614 dignitate
1047 1525 1141 1590 infe-·

62 1628 155 1710 rior,
196 1651 306 1718 neque
332 1630 552 1698 catecheticae
570 1631 703 1697 scholae
726 1628 971 1719 praefectus
999 1650 1136 1694 nuncu-

61 1729 215 1817 pandus,
247 1731 282 1798 iu
299 1754 442 1800 munere
463 1733 665 1801 cateehetico
687 1732 822 1801 adiuvit.
849 1726 1055 1824 Qud-magis
1070 1728 1135 1797 hou

61 1831 376 1922 imperspicuum,
412 1835 637 1923 adiungimus,
673 1836 857 1903 fecundum
882 1832 1134 1901 catechetsrum
1214 1866 1218 1899 ;

61 1934 183 2002 seriem
194 1935 296 2025 supra
310 1936 406 2019 brevi
417 1938 453 2003 in
469 1939 645 2025 conspectu
657 1942 810 2026 potitam,
832 1935 966 2002 scholae
979 1933 1135 2000 cateche·

61 2038 166 2113 tiras,
196 2041 245 2104 uti
260 2042 368 2106 nostra
382 2039 451 2106 fert
469 2038 646 2121 sententia,
669 2037 923 2127 praefectorum
939 2036 1132 2125 et'ipferum

62 2153 97 2207 et
116 2132 354 2209 adiuncturum
386 2139 526 2224 (eorum
547 2141 701 2229 quidem,
727 2162 886 2230 ·quorum
907 2137 1133 2207 memorie-et
1201 2194 1204 2203 .

60 2242 209 2325 ferrata)
227 2244 387 2312 tabulam.
436 2245 526 2332 Quia
539 2259 647 2313 certos
660 2236 767 2310 annes
780 2264 850 2309 non
863 2240 987 2330 ubique
998 2238 1133 2306 tradere
1189 2254 1192 2263 ·

62 2346 253 2432 postumus,
300 2347 394 2413 etad
421 2346 584 2413 rotundos
608 2360 641 2414 et
666 2346 709 2413 ad
731 2346 924 2415 verifimitrs
949 2342 1133 2432 saepiffime

62 2447 275 2536 confugimus
289 2472 463 2537 numeres,
483 2450 791 2537 quosatten'sco(*)
804 2448 1004 2531 notavimus.
1053 2446 1130 2513 No-
1199 2446 1202 2453 '

61 2550 153 2616 mina
169 2552 342 2633 virorum,
364 2575 510 2640 quorum
526 2552 739 2641 praefectura
751 2551 950 2631 verissmilis‚
973 2546 1052 2615 netu
1066 2568 1130 2635 pa·
1214 2626 1217 2631 .

60 2652 364 2733 rentheteost-),
391 2676 535 2740 quorum
550 2654 661 2736 dubia,
686 2647 1130 2737 uueiuis['·-]inelu1imus,
1177 2736 1181 2743 Ι
1216 2674 1223 2692 ·

62 2776 206 2843 quorum
223 2756 365 2843 denique
377 2756 511 2845 iusuper
524 2756 634 2845 aliqua
646 2758 776 2825 ratione
788 2754 919 2842 insignis
940 2746 1127 2841 (quameb-

61 2880 149 2935 rem,
179 2880 224 2924 ex
239 2857 468 2959 ¹superioribus
486 2859 602 2950 sponte
622 2858 799 2941 conflabit)
826 2854 935 2924 erucis
949 2854 1065 2940 notarl·
1082 2858 1126 2923 u·
1172 2926 1175 2931 ,
1204 2896 1210 2912 .

58 2960 255 3049 guarimua·.
343 2996 350 3011 ·

1187 3070 1200 3107 t
1238 3090 1245 3099 .
