2572 4770
385 278 554 371 Origenes
579 272 862 373 (Cirrisiosogr'n).
1001 294 1010 305 “
1061 228 1188 359 Ι18119

77 454 203 520 minem
223 468 332 544 potet,
360 456 485 523 devicto
503 459 616 523 mortis
631 457 769 544 imperio
787 479 860 521 cnm
878 454 986 545 spoliis
999 456 1191 529 redeuntem
1243 458 1246 467 ’

77 579 98 621 a
120 559 256 622 mortuis
280 560 391 623 cernit.
437 559 570 647 Propter
588 557 674 645 quod
692 580 766 620 cnm
778 560 867 621 omni
880 570 968 622 metu
984 571 1017 622 et
1033 580 1191 627 reverens

75 661 125 722 tie
140 658 420 746 contemplandum
440 663 502 739 est,
523 671 559 721 ut
569 659 604 721 in
619 681 685 721 uno
698 656 877 745 eodemque
890 659 935 722 ita
949 660 1113 747 utriusque
1126 656 1192 727 nn'-

77 773 171 824 turae
184 764 301 824 veritae
316 758 564 839 demonstretur,
592 771 628 822 ut
646 780 752 846 neque
772 758 892 847 aliquid
905 758 1073 842 indignum
1086 775 1119 827 et
1132 756 1191 827 in'-

80 861 198 926 decens
217 862 250 924 in
272 861 381 924 divina
401 863 457 924 isse
476 873 508 923 et
523 861 678 925 ineffabili
693 861 861 924 substantia
883 863 1050 945 sentiatur,
1083 884 1190 951 neque
1231 880 1234 888 '

79 964 204 1026 rursum
225 984 306 1047 quae
326 965 408 1044 gesta
427 965 514 1041 sunt,
541 963 625 1024 salsis
644 962 735 1023 illusa
754 961 945 1042 imaginibus
957 965 1188 1035 existimentur.

80 1063 175 1143 Quae
196 1062 326 1151 quidem
345 1063 379 1125 in
398 1085 489 1127 auree
500 1065 657 1126 hurneune
670 1064 812 1147 proferre
824 1074 857 1125 et
870 1064 1068 1131 sennonibne
1078 1068 1192 1154 expli-

80 1185 170 1244 cere,
195 1166 289 1244 longe
305 1165 389 1227 vires
401 1165 454 1226 vel
467 1165 571 1226 meriti
584 1163 697 1242 nostri,
714 1163 768 1224 vel
778 1162 899 1242 ingenii
913 1184 948 1227 ec
961 1166 1114 1231 sennense
1125 1187 1191 1231 ex-

80 1263 175 1327 cedit.
216 1252 495 1344 Arbitrorautem,
516 1264 590 1352 quain
604 1264 702 1325 etiem
715 1263 891 1327 sanctornm
904 1267 1119 1351 apostolorum
1130 1268 1191 1333 su-
1257 1310 1261 1315 -

79 1363 301 1452 pergrediatur
319 1370 520 1447 mensuram3
549 1364 691 1451 quinimo
710 1364 806 1426 etiem
826 1364 962 1429 fortassis
979 1366 1078 1430 totius
1096 1388 1191 1433 cree-
1279 1380 1284 1399 ⁴

78 1476 173 1527 turae
190 1467 373 1528 coelestium
392 1468 546 1529 virtutum
565 1463 758 1527 eminentior
772 1465 817 1526 est
829 1465 1013 1545 recrementi
1026 1468 1114 1535 istim
1126 1490 1200 1535 ex-a,

78 1566 232 1654 planatio.
281 1565 332 1629 De
356 1588 419 1652 quo
440 1587 499 1629 nos
518 1588 583 1628 non
603 1566 783 1627 temeritate
803 1564 927 1657 eliqua,
960 1565 1015 1630 sed
1036 1571 1191 1655 quoniam

81 1666 162 1730 ordo
176 1666 237 1728 loci
250 1665 406 1752 deposcit,
431 1686 469 1727 ea
483 1666 585 1746 magis
599 1684 681 1751 quae
695 1661 777 1728 fides
788 1669 891 1728 nostra
906 1668 1063 1749 continet,
1092 1692 1191 1757 quern

80 1788 166 1853 quae
178 1769 339 1830 humanae
356 1766 486 1829 rationis
503 1766 626 1828 assertio
638 1763 798 1828 vindicare
810 1766 904 1845 solet,
925 1788 1022 1854 qnam
1038 1772 1192 1855 pauciffi-
1264 1794 1267 1805 ·

79 1872 145 1931 mis
159 1870 375 1953 proferemus,
405 1869 594 1951 suspiciones
615 1868 722 1952 potine
741 1868 876 1945 nostrae,
900 1888 997 1953 quem
1007 1873 1191 1937 manifestor

81 1972 205 2056 aliquas
225 1969 451 2031 affirmationes
477 1968 512 2030 in
543 1964 688 2027 medium
713 1966 953 2051 proferentee.„
980 2000 1024 2021 ι-
1075 1970 1193 2037 Priue-

83 2093 180 2160 quam
198 2091 274 2133 vero
289 2091 331 2131 cx
345 2071 418 2155 ipsis
432 2067 581 2150 Origenis
600 2068 725 2144 verbis,
752 2086 834 2153 quoe
846 2067 990 2148 senserit,
1013 2070 1115 2135 susino
1126 2092 1192 2136 ex-

80 2175 256 2262 plicemus,
297 2171 434 2234 breviter
461 2181 562 2232 totam
588 2168 684 2254 ipsine
705 2169 893 2231 sententiam
919 2166 1215 2267 adumbrnbimum

81 2277 126 2340 Ut
155 2276 279 2353 integer
306 2271 397 2336 Deus
431 2282 463 2336 et
495 2269 619 2349 integer
652 2271 751 2332 homo
788 2290 851 2332 una
884 2269 920 2332 in
948 2271 1080 2356 persone
1110 2272 1192 2335 nni-

80 2379 199 2455 tmsit,
222 2395 326 2461 neque
342 2371 459 2451 divini,
477 2390 581 2456 neque
593 2371 726 2432 humani
739 2366 858 2455 aliquid
871 2368 976 2435 deesse
986 2370 1069 2435 licet.
1111 2370 1192 2435 Ad-

80 2484 120 2544 sit
136 2480 231 2559 igitur
244 2476 365 2539 necesse
377 2476 421 2535 est
433 2484 465 2536 et
477 2487 590 2556 corpus
605 2481 638 2531 et
648 2470 754 2532 anime
773 2471 877 2547 (sensu
891 2470 1016 2551 latiori,
1042 2485 1076 2535 et
1095 2468 1191 2563 ψυχὴ

82 2595 116 2644 et
131 2578 276 2659 πνεῦμα)
290 2574 439 2639 hominis.
482 2572 595 2659 Neque
609 2593 687 2634 vero
699 2571 757 2633 nisr
771 2571 897 2639 nunnae
912 2573 1003 2639 Deus
1013 2575 1112 2643 inesse
1125 2602 1193 2666 po-

82 2684 159 2759 test,
188 2682 262 2765 quia
284 2697 397 2761 corpus
419 2677 464 2737 est
483 2674 649 2736 vinculum
668 2674 813 2751 animae,
846 2675 891 2739 ita
909 2687 945 2739 ut
960 2667 1191 2767 θεᾶνθρωπος

82 2785 140 2847 ilse
154 2783 272 2845 constet
284 2800 326 2841 ex
342 2797 473 2863 corpore
486 2777 644 2852 humano,
660 2774 709 2836 cui
723 2774 830 2837 anime
840 2776 980 2841 humana
995 2779 1083 2861 insit,
1104 2805 1193 2871 qua..

83 2905 156 2948 curn
178 2877 275 2965 λόγος
301 2878 429 2940 divinus
449 2876 596 2938 infimam
617 2876 873 2953 conjunctionem
896 2880 1015 2944 fecerit.
1067 2884 1190 2953 Anima

82 2983 293 3058 artemisia,
327 2980 405 3040 sicut
431 2996 543 3038 omnen
573 2987 696 3038 ceterae
724 2977 868 3055 animae,
903 2992 977 3044 ante
1002 3003 1192 3072 corporeum

82 3081 243 3149 mundum
266 3078 430 3143 conditum
449 3079 514 3155 jam
539 3076 673 3155 exstitit,
696 3079 822 3162 prorsus
841 3081 952 3145 ceteris
970 3088 1129 3172 aequalis,
1151 3114 1193 3160 ω

81 3206 162 3247 vcro
177 3183 242 3246 sola
254 3183 400 3244 libertate
415 3182 469 3241 sun
483 3176 602 3240 arbitrii
616 3175 697 3239 adeo
711 3200 775 3241 non
795 3181 906 3259 abusa,
932 3195 969 3246 ut
987 3186 1192 3277 <exemplum

83 3286 233 3350 omnibus
252 3280 293 3344 ad
311 3278 503 3344 imitandum
516 3279 681 3339 animabus
694 3280 906 3365 propositum)
923 3282 958 3374 in
970 3282 1041 3350 Deo
1053 3292 1119 3356 soso
1133 3316 1194 3359 no-

82 3385 252 3473 qnieverit.
305 3380 415 3460 Quare
442 3382 589 3465 supremo
619 3380 676 3441 islo
700 3381 843 3465 praemio
865 3387 1096 3464 conjunctionis
1115 3416 1192 3462 cum

83 3480 173 3573 λόγῳ
190 3488 233 3548 est
248 3483 382 3562 donata;
410 3472 508 3564 λόγος
524 3492 631 3542 autem
653 3502 725 3542 cum
737 3480 842 3543 anima
855 3482 926 3563 issa,
948 3490 1075 3554 caritate
1087 3513 1193 3575 gene-

83 3589 127 3651 rin
139 3586 273 3649 hnmani
289 3594 483 3659 commotus,
510 3580 542 3640 in
564 3603 678 3666 corpus
694 3582 872 3645 humanum
886 3583 1054 3656 descendit.
1096 3593 1191 3659 Jnm.

82 3692 149 3768 jem
163 3691 245 3751 hanc
259 3683 408 3763 Origeuis
423 3680 600 3744 doctrinam
615 3681 711 3768 ipsine
722 3683 828 3746 verbio
841 3685 1077 3757 illustrabimne.
1118 3694 1139 3759 J
1143 3717 1192 3759 ρ..

84 3791 168 3851 sum
198 3799 238 3852 et
272 3786 476 3865 integrum
506 3781 633 3846 Deum
668 3794 707 3844 et
736 3784 940 3866 integrum
966 3792 1190 3878 hominem,

84 3910 255 3975 eumque
273 3900 353 3949 tum
372 3901 544 3968 corpore
565 3896 648 3945 tum
669 3884 802 3946 anima
824 3888 1001 3953 hominis
1022 3892 1192 3977 praedi..

85 4004 185 4068 tum,
215 3988 347 4067 Origeni
360 3990 467 4063 fuisse,
487 4008 529 4047 ex
542 3986 593 4047 sris
608 3987 742 4048 constatz
769 3986 806 4051 ”.
824 4033 832 4050 .
849 3989 890 4052 de
912 3987 1051 4055 adventu
1072 4016 1192 4082 corpo-

85 4084 144 4152 rali
160 4102 192 4151 et
204 4089 418 4150 incarnatione
435 4086 588 4166 unigeniti
605 4086 663 4146 sitii
678 4086 757 4165 Dei;
786 4089 895 4174 inquo
910 4092 1031 4155 nonita
1045 4095 1192 4161 sentien-

85 4190 164 4259 tum
179 4191 244 4271 est,
264 4188 349 4276 qnod
363 4189 468 4256 omnis
482 4185 657 4254 divinitatio
673 4190 744 4269 ejus
759 4191 905 4269 maiestas
919 4189 1002 4255 intre
1017 4192 1192 4267 breriffimi
