2572 4770
465 260 469 279 ¹
541 234 708 306 Clemens.
1061 256 1065 269 ¹
1105 236 1180 341 407

67 414 175 483 anima
200 435 281 502 pure
309 434 382 477 curn
409 412 572 496 agnitione
591 413 654 479 Dei
673 413 775 477 vitam
796 411 929 476 instituit
948 423 982 477 et
1000 413 1180 503 praereptis

66 516 189 604 paruit,
223 537 261 579 eo
283 514 349 576 vira
371 526 402 577 et
422 516 567 576 sermone
589 517 634 577 est
655 528 792 596 martyr,
822 512 1111 602 quomodocunque
1129 516 1179 579 li·-

64 620 195 681 beretur
222 637 241 677 a
270 636 418 700 corpore3
457 613 556 677 fidem
580 616 696 679 scilicet
727 630 880 705 tanquam
907 608 1093 697 sanguinem
1119 637 1178 703 per

66 730 167 781 totam
182 716 281 781 vitam
296 730 391 803 etque
406 716 504 779 etiam
517 719 552 780 in
564 719 651 779 exitu
665 716 870 802 profundens.
895 767 904 784 .
952 715 1095 799 Quidam
1112 736 1179 781 ex·-

64 818 235 882 haeretiois
255 820 302 905 (p.
318 822 411 898 571),
441 838 514 883 curn
531 820 616 881 mele
636 818 804 881 dominum
820 819 1054 897 intellexerint,
1076 815 1178 903 impie

64 919 160 983 simul
176 930 208 980 et
221 916 334 980 timide
347 920 431 981 vitae
447 930 599 982 tenentur
614 917 804 1006 cupiditate,
830 917 973 982 dicentes
984 940 1099 980 verum
1112 918 1177 981 esse

64 1018 255 1100 martyrium
273 1020 342 1082 veri
361 1019 425 1083 Dei
448 1019 661 1102 cognitionem
687 1016 789 1107 (quod
813 1018 944 1106 quidem
968 1042 1027 1083 nos
1047 1038 1177 1106 quoque

64 1124 236 1201 fatemur),
263 1140 340 1183 eum
359 1132 467 1183 autem
485 1122 549 1183 esse
567 1121 613 1182 sui
633 1122 802 1184 occisorem
821 1133 854 1183 et
870 1122 928 1185 fibi
942 1131 1079 1184 mortem
1093 1140 1177 1183 con·-

63 1223 206 1298 sciscere,
237 1221 291 1307 qui
307 1240 365 1306 per
377 1232 515 1285 mortem
528 1222 625 1284 suerit
636 1220 745 1283 Deum
758 1222 934 1304 confessus;
957 1219 1066 1283 etalio
1083 1222 1177 1299 ejus-

63 1321 155 1387 modi
178 1325 392 1410 sophismata,
427 1343 510 1410 quse
528 1325 581 1384 sua
601 1323 748 1403 suggessit
767 1320 937 1402 timiditas,
971 1322 1007 1384 in
1027 1317 1176 1383 medium

63 1425 213 1489 asserunt.
259 1421 424 1489 Adversus
444 1444 525 1509 quos
542 1421 683 1502 dicetur,
711 1443 783 1485 cum
802 1435 931 1509 tempus
948 1420 1189 1509 postulaverit?

65 1522 216 1586 dissident
241 1524 328 1586 enirn
349 1544 368 1584 o
387 1524 480 1586 nubis
500 1521 540 1586 de
560 1524 732 1610 principiis.
787 1524 934 1589 Dicimus
959 1543 1019 1586 nos
1035 1540 1174 1608 quoque,

64 1644 140 1703 eos,
161 1622 224 1710 'qui
245 1619 287 1685 de
307 1621 459 1687 industria
480 1636 618 1687 mortem
640 1635 795 1709 quaeruut
816 1625 904 1705 (suut
923 1623 1012 1686 enim
1031 1620 1173 1711 quidum,
1267 1624 1272 1635 '

63 1735 198 1787 eatenus
216 1724 317 1785 solum
339 1723 452 1802 nostri,
483 1722 569 1809 quod
592 1722 738 1804 ejusdem
757 1725 897 1788 nominis
915 1724 1085 1812 participes
1100 1724 1174 1805 sint,

64 1825 120 1909 qui
139 1823 254 1907 seipsos
271 1845 388 1905 magno
399 1821 503 1886 studio
520 1823 718 1889 contendunt
731 1822 857 1888 tradere
875 1834 907 1887 et
919 1834 1050 1912 propter
1061 1823 1176 1889 odium

61 1924 96 1986 in
110 1933 285 1986 creatorem
302 1924 406 1986 miseri
419 1936 556 1989 mortem
573 1925 737 2009 cupiunt),
760 1926 833 2005 eos',
859 1922 1009 2010 inquam,
1036 1921 1174 1990 dicimus

65 2023 184 2107 seipsos
205 2042 224 2085 e
242 2024 308 2086 vita
328 2024 456 2104 exigere
478 2025 598 2111 absque
619 2025 687 2087 ullo
705 2023 875 2106 martyrio,
896 2024 955 2088 etsi
967 2026 1093 2117 puplice
1107 2047 1176 2113 pu·-

64 2123 204 2186 ninntur.
260 2121 380 2187 Fidelis
411 2123 499 2186 enim
528 2125 674 2206 martyrii
700 2145 768 2187 nou
795 2126 922 2188 servent
949 2127 1174 2208 characterem,

64 2221 326 2309 quandoquidem
351 2245 466 2286 verum
487 2224 595 2289 Deum
619 2248 684 2288 non
716 2244 910 2308 cognovere,
942 2246 1046 2291 ranae
1065 2238 1177 2291 autem

62 2324 161 2384 morti
180 2324 296 2409 seipsos
314 2323 461 2406 tradunt,
486 2327 565 2391 ficut
580 2329 612 2389 se
624 2337 747 2390 temere
759 2328 793 2391 in
806 2329 916 2410 ignem
930 2327 1100 2407 conjiciunt
1112 2325 1177 2390 Iu-

63 2421 180 2486 durum
204 2428 488 2514 gymnosophistae.
496 2428 516 2463 ”
568 2424 718 2508 „Mertyr
735 2463 778 2479 -
800 2429 856 2516 qui
880 2448 958 2493 vere
984 2431 1030 2492 est
1048 2462 1093 2477 ·-·
1112 2426 1172 2508 (ib.

64 2548 92 2588 c.
108 2535 137 2590 5.
160 2547 193 2610 p.
209 2529 286 2605 57³)
300 2546 372 2589 eom
385 2550 467 2613 quae
482 2531 535 2615 spe
550 2528 672 2613 capitur
684 2529 886 2617 voluptatem
900 2527 990 2612 eligit
1002 2549 1061 2617 per
1072 2548 1177 2615 prae-

63 2630 186 2690 sentem
218 2624 402 2691 dolorem.’'
455 2625 607 2710 „Quodsi
635 2627 705 2713 quis
733 2630 790 2710 (ib.
816 2652 842 2694 c.
863 2643 893 2698 9.
919 2653 953 2718 p.
973 2634 1050 2711 ⁵97)
1075 2628 1175 2693 etiem
1255 2684 1264 2694 .

65 2727 226 2790 transierit
244 2725 282 2788 od
298 2729 477 2808 caritatem,
504 2731 532 2793 is
547 2750 658 2791 revere
673 2730 718 2790 eu
729 2732 841 2793 beatus
855 2741 887 2793 et
901 2736 1070 2811 'germanus
1083 2750 1177 2792 mar-

57 2820 136 2910 tyr,
159 2841 194 2890 ut
207 2829 261 2913 qui
273 2827 312 2890 fir
325 2830 465 2912 perfecte
479 2831 650 2904 consessus,
672 2839 705 2890 et
719 2829 895 2916 praeceptis
909 2841 942 2893 et
954 2829 1025 2895 Deo
1038 2826 1096 2916 pe'r
1109 2825 1177 2890 do-

63 2932 208 3007 minum3
236 2949 332 3013 quern
353 2927 515 3009 diligendo
533 2929 720 3008 significarit
732 2933 795 2994 esse
810 2933 959 3011 fratrem,
983 2950 1056 2992 cum
1069 2938 1175 2991 totum

65 3031 201 3115 seipsum
214 3026 379 3091 tradiderit
391 3030 520 3114 propter
532 3027 656 3108 Deum,
677 3039 829 3117 tanquam
843 3028 973 3119 aliquod
983 3026 1174 3116 depositum,

65 3143 153 3211 grate
174 3141 207 3192 et
221 3141 365 3192 amanter
382 3126 519 3192 reddens
540 3130 706 3192 hominem
724 3152 797 3194 cum
817 3133 964 3212 exigitur.
1008 3129 1091 3196 cum
1110 3148 1177 3191 eu-

65 3241 133 3293 tero
156 3231 214 3309 (ib.
226 3252 253 3293 c.
271 3231 336 3309 10.)
347 3232 453 3293 rursus
466 3228 600 3293 dixerit:
634 3227 772 3310 Quando
786 3252 846 3294 vos
858 3231 1040 3319 persequuti
1052 3225 1175 3292 suerint

64 3333 101 3397 iu
120 3333 179 3394 hac
200 3331 345 3408 civitate,
374 3330 474 3410 sugite
493 3331 528 3393 iu
545 3331 641 3393 eliam
653 3366 713 3410 -,
741 3353 809 3415 non
824 3329 934 3394 suadet
946 3335 1075 3412 sugere,
1094 3340 1175 3390 tou-

66 3454 163 3519 quarn
178 3436 301 3495 molum
317 3432 356 3493 sit
369 3430 435 3517 pati
452 3431 719 3518 persecutionem
745 3452 803 3494 nec
822 3443 858 3494 ut
873 3443 1011 3495 mortem
1029 3428 1174 3493 extime-

65 3537 189 3598 scentes
208 3534 298 3612 jubet
319 3553 378 3596 nos
400 3552 472 3595 earu
491 3531 569 3614 suga
589 3531 765 3613 decliner03
795 3533 867 3597 vult
888 3546 996 3596 sutem
1014 3550 1072 3593 nos
1089 3527 1174 3593 nulli
1262 3560 1265 3565 ·

66 3637 131 3697 esse
153 3645 315 3712 suctores,
342 3652 447 3718 neque
468 3631 628 3712 adjutores
646 3633 742 3713 mali,
765 3653 824 3697 nec
838 3632 1037 3719 nobisipsis,
1055 3652 1114 3695 nec
1129 3628 1174 3713 ei,

68 3737 124 3821 qui
148 3734 361 3822 persequitur,
383 3757 443 3798 nec
460 3735 491 3799 ei
503 3735 558 3822 qui
576 3732 770 3799 iuterirnit.”
818 3732 884 3815 „si
900 3745 1025 3815 eutem,
1053 3729 1174 3796 Paulus

66 3836 226 3922 inquit-
245 3834 347 3901 tCor.
364 3833 459 3914 xttl,
483 3850 498 3901 1
519 3871 563 3885 -
583 3837 685 3917 (ib.c.
702 3846 751 3902 18.
774 3838 915 3923 poll),
941 3856 1005 3897 nou
1026 3853 1069 3897 ex
1089 3831 1175 3895 affe-

69 3936 173 4005 ctione
194 3939 294 4000 electa
312 3957 370 4022 per
387 3938 550 4001 caritatem
566 3937 736 4019 gnosticum
746 3936 934 4020 martyrium
948 3935 1053 4022 passus
1068 3935 1174 4014 suero,

68 4032 125 4100 sed
143 4051 231 4103 metu
256 4038 341 4103 sorte
363 4048 397 4101 et
418 4038 473 4125 spe
492 4034 648 4113 mercedis
668 4041 839 4123 excitatus,
867 4037 955 4103 lubre
977 4052 1112 4102 morem
1130 4030 1174 4102 cd
