2572 4770
540 282 702 361 Summa:
853 324 859 341 -·
1099 302 1175 373 ser

61 454 256 553 principiani
265 458 348 531 ‘fons
367 466 414 531 est
430 463 581 549 alterium
604 469 742 567 alterqm
761 469 866 552 tertii,
893 469 948 538 lod
962 491 1028 537 non
1039 473 1074 539 in
1088 485 1179 543 tem.

61 587 160 655 pore,
188 586 304 630 verum
323 569 359 631 in
381 570 522 632 notione.
573 568 715 648 (Habent
734 571 842 657 itaque
861 574 1053 640 recentiores
1065 575 1179 642 Plato-
1252 652 1255 657 ¹

62 668 127 732 nici
145 664 252 730 ideam
269 680 302 732 et
320 670 698 749 aeternaegenecationie
714 682 747 735 et
759 671 1026 739 subordinationis
1044 674 1079 738 in
1096 678 1179 741 tria-

63 766 106 831 de
125 800 169 817 -
194 770 235 832 cf.
256 766 371 832 Plotin.
391 767 596 835 Ennead.·V.
619 770 675 834 lib.
697 769 723 835 Ι.
747 793 773 834 c.
796 782 827 839 6.
847 806 891 823 -··
912 770 1050 838 eandem
1078 796 1178 863 quarn

46 864 275 933 dtexendoni
288 856 410 949 nostri.)
453 868 505 932 Ex
519 869 724 938 orientalibus
740 873 908 960 praecipue
924 876 1099 956 systematis
1113 898 1179 943 ve-

61 969 111 1032 nit
131 966 182 1031 ad·
192 967 347 1049 gnosticos
363 967 504 1033 domnina
523 967 564 1031 de
581 970 697 1056 βυθῷ,
719 968 875 1058 προαρχῇ
893 982 926 1037 ot
941 971 983 1036 de
995 979 1177 1059 μονογενεῖ,

62 1060 152 1156 ἀρχῇ
168 1059 392 1133 ativ'ndnoe
410 1071 475 1134 irre
497 1060 623 1155 πρώτῳ
647 1068 861 1156 καταληπτῷ.
916 1070 1067 1139 Ceterum
1089 1098 1179 1158 guo-

61 1171 131 1235 ttici
147 1188 287 1232 aeonum
306 1169 481 1250 iylternatis
502 1168 678 1235 doctrinam
697 1172 897 1237 christianam
915 1172 957 1238 de
975 1174 1117 1241 trinitate
1140 1178 1178 1247 in

61 1269 246 1332 universum
267 1280 301 1333 et
319 1268 360 1333 de
375 1269 442 1333 lilio
457 1268 520 1335 Dei
539 1273 706 1356 separatim
729 1272 866 1337 nimiunn
886 1288 1042 1363 quantum
1062 1298 1179 1341 corru-

60 1380 195 1456 perunt,
214 1366 369 1457 ideoque
394 1388 584 1458 quaecemus
602 1372 748 1435 maxime
770 1373 832 1436 hoc
850 1374 940 1454 loco,
974 1374 1054 1462 quid
1072 1376 1107 1439 id
1122 1378 1176 1461 dit,-

62 1491 127 1556 quo
153 1468 359 1534 occidentalis
381 1472 510 1534 ecclelia
535 1470 574 1533 ab
595 1470 816 1536 Alexandrina
834 1471 969 1539 differat.
1021 1474 1177 1543 lrenaeue

62 1568 206 1633 doctrine
220 1568 262 1633 de
275 1570 416 1635 trinitate
435 1569 506 1632 vult
522 1567 702 1635 ert-liberior
715 1574 753 1634 fit
767 1594 786 1634 a
799 1574 983 1641 theoreticis
996 1574 1178 1643 distinctio-
1269 1568 1274 1591 ¹

60 1672 158 1734 nibus
176 1672 246 1751 (lib.
261 1670 391 1752 lires),
414 1681 453 1732 -et
472 1667 571 1755 patris
585 1670 813 1757 filiique-(licet
826 1674 912 1737 hunc
926 1674 1034 1760 aliqua
1051 1677 1178 1745 ratione

58 1772 219 1836 minorem
233 1770 362 1835 elleillo
376 1773 515 1850 censeat,
537 1768 594 1832 lib.
606 1767 665 1847 lv,
674 1774 732 1851 28>
747 1785 856 1858 aperte
867 1770 949 1855 pior
962 1768 1079 1841 odaiae
1093 1800 1177 1843 con-

58 1872 182 1952 tendit,
222 1869 278 1935 ubi
307 1882 432 1956 patrem
460 1868 747 1956 persemetipsum
770 1872 929 1937 mundum
955 1880 1071 1941 crcaile
1099 1878 1179 1945 dicit

59 1974 130 2055 (lib.
146 1972 201 2051 Π,Ι
212 1982 262 2047 60,
278 1972 325 2053 9).
375 1970 593 2035 Tertullianus
612 1966 804 2034 Montaniite
817 1966 900 2034 'dicit
917 1972 1049 2060 quidem
1070 1978 1177 2046 iulium

57 2072 239 2161 prolatione
246 2076 438 2155 :generatum
449 2068 596 2158 patrique
609 2088 676 2132 non
690 2074 814 2156 prorius
826 2076 1012 2160 aequalem,
1032 2078 1175 2156 umescit

57 2185 167 2238 tamen
182 2192 309 2252 „unam
317 2171 379 2235 Dei
387 2172 590 2236 iubltantiern
601 2170 1029 2253 intribuecoheerentibue’‘,
1048 2175 1177 2245 auum-

57 2294 123 2361 que
148 2275 215 2336 eiia
243 2271 351 2351 statuit
375 2271 485 2337 Deum
507 2269 548 2334 de
570 2269 661 2350 Deo,
695 2270 848 2354 modun,-
881 2294 1110 2341 nonuurnero
1128 2290 1176 2335 -ὴ

57 2374 195 2461 (quippe
208 2392 331 2436 unam
350 2373 749 2459 [nomadum-»apaan
761 2370 931 2440 ffiverium.
955 2371 1176 2453 (Sententiam

56 2478 149 2541 taen
161 2473 272 2537 multis
286 2473 365 2537 locis
380 2473 539 2560 imprimis
551 2472 629 2537 libri
637 2472 711 2538 adv·
725 2472 819 2539 Prax.
834 2472 1000 2561 exposuit3
1020 2472 1087 2547 tid.
1101 2496 1177 2549 mc.

56 2574 134 2641 adv.
151 2574 246 2640 Prax.
262 2594 292 2639 c.
308 2587 357 2655 ις
386 2574 470 2659 epol
491 2594 518 2637 c.
535 2584 607 2655 aba
628 2576 679 2638 ci·
690 2572 814 2639 Neand.
828 2574 962 2656 Anugn.
981 2592 1015 2659 p.
1030 2579 1092 2641 teo
1105 2578 1173 2667 qu.

57 2681 148 2758 491).
198 2674 373 2757 Dionyfiue
387 2673 553 2737 Romanus
573 2674 774 2738 homousiam
792 2674 891 2760 patris
908 2674 1032 2761 filiique
1047 2674 1176 2755 fortiter¹

59 2774 206 2841 defendit
218 2773 419 2857 (doctrinam
442 2776 527 2853 ejus,
560 2794 624 2860 que
640 2775 731 2837 nulle
751 2774 959 2837 autenicnene
978 2774 1091 2856 synodi
1109 2776 1177 2847 Ni-

59 2873 350 2943 ceeneedecretie.
366 2872 607 2938 convenientior
634 2875 697 2954 est,
727 2871 895 2939 asservavit
912 2872 1108 2942 abancune
1131 2872 1176 2945 de
1223 2910 1226 2915 ·

58 2975 300 3059 decreb3lynodi
311 2974 396 3056 Nic,
410 2973 498 3060 opp.
512 2971 642 3038 edcol.
655 2971 834 3041 1686.T.1.
848 2984 962 3061 pm.
976 2976 1064 3059 276).
1099 2976 1175 3043 Oe·

59 3077 238 3144 cidentales
251 3077 349 3160 igitur
362 3072 525 3163 praecipui
538 3085 644 3159 patres
658 3074 747 3137 illiue
758 3075 831 3137 aevi
845 3072 981 3141 eandem
993 3078 1058 3140 elie
1074 3078 1176 3167 patrie

55 3181 181 3267 filiique
194 3191 343 3243 naturam
354 3197 420 3239 uno
428 3194 490 3238 ore
502 3171 678 3261 docuerunt
690 3178 788 3261 (quse
804 3173 965 3241 doctrinae
975 3172 1019 3249 ¹de
1032 3178 1175 3246 trinitate

56 3284 162 3346 forma
174 3280 270 3345 illiue
287 3277 360 3344 aeri
373 3274 685 3344 Autitrinitariotum
704 3274 887 3343 haeresibus
898 3298 942 3325 ὼ·
961 3286 1031 3343 turn
1047 3300 1173 3364 eorum,

57 3382 115 3468 qui
128 3378 302 3445 dialecticis
313 3376 578 3468 speculationibus
592 3374 797 3458 indulgentes
810 3374 916 3441 tilium
927 3374 997 3443 vim
1010 3374 1175 3465 quandam

10 3506 14 3517 ·
56 3481 158 3569 patrie
171 3483 235 3544 eise
250 3479 484 3546 contendebant
501 3476 708 3560 (Theodoti‚.
722 3474 927 3559 Artemonis,
956 3472 1075 3553 Pauli
1095 3478 1175 3545 Sa·

56 3582 278 3646 molateni.
295 3592 328 3645 et
347 3580 513 3660 sabellii),
545 3590 617 3643 tum
636 3600 766 3661 eorum⁴
793 3580 849 3668 qui
868 3579 1051 3667 lirnpliciter
1068 3598 1175 3653 unum

56 3686 123 3747 eise
135 3683 264 3764 Deum,
291 3694 435 3768 patrem,
465 3679 629 3760 dicebant,
645 3702 795 3769 eumque
809 3680 844 3745 in
856 3680 977 3748 canno
993 3682 1176 3766 apparuiiie

55 3782 282 3865 (Praxeae,
310 3782 424 3861 Noto,
452 3781 487 3844 in
505 3782 690 3847 unirerlbm
710 3780 976 3869 quoquesserylli
993 3792 1069 3845 ante
1089 3802 1174 3845 conu
1260 3790 1264 3799 '

54 3883 253 3966 verlionem)
265 3881 409 3947 .·-..vid.
429 3880 573 3948 Neandri
597 3882 759 3946 historiam
780 3882 993 3970 antiquiorem
1014 3876 1174 3963 dogtnatie

57 3980 102 4047 de
127 3981 288 4066 trinitate,
326 3984 363 4069 in
388 3982 570 4065 Antignolt.
596 4006 628 4068 p·
648 3989 712 4051 «tet
731 3984 796 4071 sqq.
824 4016 863 4035 -
893 3978 1029 4069 spatium
1055 3980 1172 4064 dedit).

56 4081 199 4160 Jemjarn
222 4096 260 4151 ut
279 4082 321 4149 ad
335 4082 576 4148 Alexandrinos
596 4094 836 4166 convertamur„
863 4080 1003 4167 primum
1019 4080 1175 4147 Athena·

56 4200 153 4267 goras
173 4182 270 4269 ffi⁰l²
295 4205 393 4280 ppeut
407 4186 580 4277 ¹etuaaaiie
609 4204 651 4255 cx
674 4196 764 4273 patre
790 4178 884 4264 dicit,
920 4176 1056 4249 eandem
1077 4198 1174 4271 quarn

689 4282 790 4349 Bbs
