2572 4770
54 1390 142 1532 Apte
156 1442 259 1509 dividi
277 1446 363 1532 possa
381 1445 500 1509 hancce
520 1443 561 1510 de
577 1447 702 1512 scholae
719 1447 967 1515 Alexandrinae
981 1451 1145 1539 theologia
1219 1536 1222 1541 ¹

53 1548 176 1625 finterna
186 1548 273 1632 quasi
282 1549 424 1630 historia)
438 1550 738 1613 commentationem
749 1565 885 1638 quatuor
897 1554 931 1615 in
943 1556 1045 1642 capita
1055 1561 1146 1624 arbi-

10 1659 167 1714 '.lramur
217 1649 361 1713 Primum
380 1668 526 1730 egemus,
552 1661 589 1712 ut
604 1648 639 1712 id
660 1653 783 1738 semper
796 1650 976 1721 breviifime
989 1654 1152 1751 dicamus,

53 1747 384 1814 ieAlexandrinorum
403 1751 543 1812 critica
566 1747 669 1836 (quoti
685 1749 815 1837 quidem
836 1768 928 1840 caput
948 1760 1034 1844 qnasi
1047 1783 1146 1847 praa-

10 1853 230 1937 ,paratorium
245 1861 396 1937 putamus
409 1849 496 1912 haud
511 1849 644 1913 absurde
662 1849 854 1935 praemitti),
883 1853 958 1918 dein
975 1854 1015 1921 de
1032 1874 1146 1927 eorum

10 1948 361 2030 hermeneutica,
375 1963 445 2012 tum
460 1949 501 2013 de
514 1947 755 2030 dogmatica,
772 1956 930 2037 postremo
946 1951 986 2018 de
1000 1955 1144 2027 ethica.

54 2049 161 2129 Quouis
182 2053 217 2115 in
239 2053 341 2138 capite
362 2052 504 2138 primum
522 2052 718 2132 singulorum
730 2052 900 2116 sententiaa
913 2058 1147 2124 catechetarum

55 2151 209 2240 (inprimis
238 2153 352 2216 scilicet
381 2151 556 2216 Clementia
587 2160 621 2214 et
647 2145 816 2232 Origenis‚
852 2173 978 2218 necnon
996 2154 1147 2240 Didymi)

55 2253 290 2333 enucleabimus‚
325 2266 357 2315 et
377 2248 449 2315 tuni
471 2251 621 2330 demum,
658 2272 699 2314 ne
717 2247 857 2315 in'tulisse
879 2254 987 2340 potius
1013 2261 1146 2341 nostrae,

56 2376 135 2439 quam
152 2353 294 2443 ipsorum
314 2352 484 2417 sententiaa
508 2351 655 2420 extulisse
677 2348 862 2441 videamur,
897 2352 933 2419 in
961 2354 1147 2427 universum

57 2451 86 2517 de
100 2454 240 2520 omnium
257 2450 503 2541 proprietatibus
516 2452 613 2518 verba
626 2452 793 2518 iaciemus,
841 2454 977 2520 Criticae
991 2454 1071 2524 duaa
1084 2459 1149 2524 tri..

57 2554 172 2621 luemus
190 2569 315 2642 parter,
342 2559 474 2619 alteram
496 2552 791 2633 Alexandrinorum
811 2549 852 2619 da
871 2557 1027 2622 librorum
1040 2561 1148 2625 sacro-

58 2675 113 2722 rum
131 2674 269 2738 canona,
297 2658 461 2721 authentia
480 2655 639 2741 hujusque
659 2653 748 2717 modi
767 2656 939 2721 sententiaa
957 2655 1149 2746 exploratu·
1238 2686 1241 2692 ·

58 2775 125 2838 tam,
145 2762 295 2838 alteram,
322 2755 409 2844 quali
421 2756 520 2820 iidem
534 2768 624 2821 textu
639 2758 722 2818 sacro
736 2757 784 2818 trli
796 2774 923 2845 quoque
936 2757 1034 2823 modo
1049 2757 1090 2825 de
1107 2783 1148 2827 eo

58 2860 143 2924 meriti
160 2862 239 2941 lint,
263 2855 515 2940 fignificaturam.
566 2854 616 2921 De
638 2853 892 2937 hermeneutica‚
919 2872 1003 2924 arcte
1017 2880 1056 2926 ea
1072 2861 1149 2950 qui·
1175 2930 1180 2938 ό
1215 2857 1217 2861 ’

58 2953 116 3025 iem
137 2981 209 3026 cum
228 2952 524 3025 Alexandrinorum
547 2952 725 3038 dogmatica
745 2956 952 3040 cohaerente,
994 2958 1076 3027 nihil
1098 2972 1155 3029 eat

56 3060 411 3152 quodpraemonea'rnns.
461 3047 681 3140 Dogmaticatn
696 3068 824 3146 patrum
839 3057 1055 3144 singulorum,
1072 3081 1149 3128 ma·

54 3162 91 3244 gis
101 3160 140 3229 ad
153 3158 401 3253 perspicuitatis,
424 3177 520 3247 quam
534 3157 576 3222 ad
590 3158 711 3240 logicae
723 3173 889 3248 praecepta
904 3178 964 3225 nos
959 3163 1148 3265 fingentes,

53 3264 266 3352 partiemor-
286 3259 485 3351 praemissuri
501 3280 556 3341 ea,
586 3279 669 3348 qnae
690 3262 762 3324 sunt
780 3263 952 3327 necessaria
959 3236 1010 3324 ad
1027 3282 1150 3346 cogno-

51 3367 189 3432 scendum
221 3382 333 3430 eorum
366 3359 537 3446 systema
526 3385 560 3425 ιιι
587 3362 771 3426 universum
790 3392 835 3412 -α
872 3360 926 3443 (sit
951 3360 1057 3427 uenia
1069 3382 1149 3428 aar·

50 3464 215 3550 horum)1n
230 3464 467 3549 bibliologiam‚
490 3458 685 3544 theologiam
709 3465 799 3528 sensu
815 3458 960 3528 strictiori
979 3463 1015 3546 (i.
1032 3480 1060 3529 e.
1084 3459 1150 3527 do-

48 3569 170 3637 ctrinam
185 3565 226 3633 de
243 3562 314 3633 Deo
326 3567 360 3632 in
375 3567 574 3644 universum,
598 3560 638 3627 de
657 3561 815 3628 creatione
827 3562 943 3628 mundi
964 3569 1012 3647 (et
1026 3557 1067 3627 da
1080 3561 1149 3651 ipso
1259 3637 1265 3651 ,

20 3694 27 3733 ·.
46 3669 191 3754 mundo),
234 3666 275 3734 de
297 3664 508 3756 providentias
520 3674 553 3729 et
576 3662 617 3729 de
645 3663 820 3750 trinitate),
855 3659 1088 3748 angelologiam
1116 3671 1150 3727 et

23 3768 332 3855 ¹tlrrtrmonologiam,
365 3764 657 3855 anthropologiam,
693 3762 928 3848 christologiam
955 3760 1149 3846 (doctrinam

44 3874 81 3942 tle
92 3880 225 3966 persona
239 3883 272 3937 et
284 3890 381 3960 opere
395 3867 508 3936 Christi
528 3865 753 3956 doctrinasque
768 3865 964 3955 propinquae
976 3862 1017 3928 cle
1032 3861 1150 3933 condi·
1159 3926 1165 3947 ,Ι
1224 3932 1227 3941 ‚

43 3979 179 4046 tionibua
194 3968 544 4063 turquemannos,
571 3965 613 4035 de
625 3968 745 4054 gratiae
765 3965 893 4033 divinae
907 3961 1091 4031 efficacitate
1105 3996 1150 4017 -ι
1188 3972 1191 3979 ’

41 4078 197 4172 inprimis
209 4099 268 4175 per
282 4072 425 4162 spiritum
437 4077 590 4155 sanctum,
604 4108 645 4123 -
661 4083 695 4138 et
708 4067 749 4135 de
762 4072 1028 4155 sacramentorum
1041 4067 1150 4133 accle-
1263 4122 1268 4128 .

10 4162 27 4193 *
42 4182 166 4275 ireque
192 4178 362 4266 institutis)
385 4186 417 4245 et
449 4158 707 4271 eschatologiam,
737 4150 998 4340 praetermissuri
1024 4171 1151 4258 semper
1253 4216 1256 4223 ,
