2572 4770
124 242 200 317 814
447 238 537 331 Gap
559 236 633 307 111.
683 235 917 329 Dogmartca

124 419 226 499 dixit,
266 410 541 506 quamadmodum
568 417 636 505 ipss
661 428 768 483 narrat
795 417 831 481 in
857 415 992 502 epistola
1023 413 1115 501 apud
1139 412 1241 480 Euss-

125 524 217 590 bium
237 519 271 584 b.
290 542 319 584 e.
334 518 409 596 VH,
428 532 477 586 11.
500 541 533 605 p.
550 526 611 587 197
634 518 685 585 ed.
701 521 838 585 Zimm.=
863 505 1043 602 ’Ἀντικρυς
1061 515 1241 601 διαμαρτυ-

20 680 25 691 ,
124 613 254 710 ρδμην,
281 612 336 682 ὅτι
354 615 414 684 τὸν
433 617 517 685 θεὸν
533 617 593 684 τὸν
608 609 687 685 {tna
700 613 819 702 μόλοι,
845 622 903 687 καί
919 616 1041 688 οδδένα
1054 614 1172 704 ἕτερον
1184 613 1239 682 σί-

125 724 213 805 sus,
242 713 316 785 οὐδ’
331 711 371 784 ἂν
384 717 646 807 μιτατεδείμην,
676 714 756 789 otta
769 720 966 809 παυσαίμην
983 720 1071 787 nord
1085 736 1239 806 χριοτια-

73 889 79 909 ,
108 819 184 899 -νδς
203 810 258 887 dr.
306 821 443 886 Etcum
461 823 667 888 Aemilianus
688 826 792 912 ipsum
815 825 905 891 Deos
924 825 1055 911 imperii
1083 841 1148 884 una
1171 838 1239 881 cum

102 1008 105 1015 Ι
125 928 188 992 isto
201 924 274 990 D'eo
296 921 429 987 adorare
447 925 589 1005 juberet,
617 925 778 1012 respondit
794 928 851 1008 (ib.
873 950 905 1015 p.
923 932 1018 1017 499)3
1050 918 1169 1005 Ἡμεῖς
1182 911 1238 986 οὗ·

126 1022 207 1093 da‘ru
225 1020 340 1111 ἕτερον
353 1023 608 1109 πρρςκανοῦμεν.

213 1127 271 1192 De
292 1126 483 1189 trinitate
504 1128 560 1212 qui
578 1131 633 1191 suo
651 1139 795 1215 tempora
810 1131 895 1193 male
908 1131 1088 1206 senscrunt,
1116 1128 1235 1189 fflenus

127 1229 302 1312 Dionysius
321 1229 532 1313 impugnavit.
582 1227 787 1316 Quamquam
800 1233 949 1317 epistolae
969 1229 1010 1292 ad
1023 1229 1165 1294 Paulum
1178 1224 1236 1287 Sa·

126 1332 326 1395 mosetenum
343 1329 474 1413 scriptae
489 1330 653 1393 authentia
674 1329 770 1394 dubia
791 1334 852 1411 est,
881 1346 988 1394 tamen
1010 1327 1143 1393 aliunde
1162 1348 1235 1390 con·

127 1435 203 1510 stat,
234 1427 311 1515 quid
332 1428 372 1491 de
391 1431 452 1491 hoc
471 1432 604 1496 homine
624 1435 729 1496 noster
745 1434 896 1496 statuerit.
939 1431 1085 1517 Scripsit,
1106 1427 1142 1491 id
1155 1423 1235 1515 quod

37 1576 40 1581 -
125 1535 226 1597 refert
240 1531 394 1594 Eusebius
414 1532 447 1594 h.
468 1552 497 1598 e.
513 1532 589 1610 VH,
608 1544 658 1600 80.
679 1557 711 1621 p.
731 1542 788 1601 541
814 1537 868 1614 (cs.
883 1534 916 1596 lr.
929 1554 958 1596 e.
974 1531 1051 1611 Vll,
1068 1535 1143 1612 27),
1167 1529 1234 1616 epi·

127 1633 241 1697 stolam
257 1629 440 1711 synodicam
453 1630 495 1695 ad
506 1633 743 1716 Antiochenos,
764 1634 818 1699 sed
830 1637 923 1697 illurn
937 1634 1055 1696 erroris
1067 1631 1184 1694 ducem
1197 1648 1232 1692 ns

126 1734 317 1797 salutatione
336 1731 469 1819 quidem
490 1732 636 1814 dignatus
656 1737 710 1800 est.
757 1735 932 1820 Praecipue
951 1754 1030 1796 vero
1049 1745 1162 1794 contra
1176 1731 1232 1794 Sa-

124 1834 261 1899 bellium
282 1835 446 1918 pugnavit.
501 1833 601 1899 Dedit
622 1836 710 1899 enirn
734 1836 843 1900 literas
869 1849 976 1899 contra
1000 1832 1180 1896 sabellium
1196 1826 1231 1892 ad

124 1935 328 2000 Ammonem
347 1936 475 2015 (Euseb.
495 1938 528 2000 h.
550 1957 578 1999 c.
595 1936 671 2014 VH,
694 1943 749 2018 26)
768 1949 803 2001 et
822 1939 858 1999 in
877 1937 1005 2021 epistola
1025 1932 1067 1996 ad
1087 1931 1230 2013 xystum,

122 2036 310 2123 episcopum
323 2035 507 2105 Romanum
529 2037 629 2126 (apud
642 2038 758 2103 Euseb.
772 2041 806 2102 h.
822 2059 853 2106 c.
865 2037 941 2115 Vll,
957 2040 1011 2118 6),'
1029 2035 1108 2097 haec
1125 2034 1229 2095 habet:

123 2137 208 2220 „Dc
233 2136 384 2218 dogmata
411 2138 486 2212 illo,
529 2136 614 2225 quod
645 2160 748 2225 nuper
775 2137 976 2203 Ptolemaide
1005 2138 1085 2198 urba
1115 2135 1230 2199 Penta-

123 2241 237 2327 poleos
260 2250 457 2301 commotum
478 2241 541 2317 est,
567 2242 664 2327 pleno
687 2242 860 2327 impietatis
880 2262 915 2303 ac
935 2237 1156 2324 blasphemiae
1173 2233 1230 2297 ad·

122 2342 233 2403 versus
253 2338 508 2424 omnipotentem
521 2339 629 2404 Deum
649 2354 772 2428 patrem
790 2341 912 2405 domini
931 2338 1027 2402 nostri
1045 2336 1120 2400 Jcsu
1139 2335 1231 2400 Chri·

121 2442 180 2519 tri,
211 2439 309 2524 plano
335 2440 431 2500 etiam
453 2439 685 2505 incredulitatis
709 2462 783 2524 erga
809 2441 1009 2523 unigenitum
1029 2442 1101 2517 ejus
1122 2438 1231 2516 silium,

122 2541 373 2628 primogenitum
383 2541 488 2602 omnis
499 2553 676 2619 creaturae,
697 2543 865 2621 Verbum,
887 2540 971 2628 quod
988 2543 1072 2603 inter
1085 2540 1231 2601 homines

120 2644 283 2707 versatum
306 2641 367 2719 est,
401 2641 498 2725 pleno
518 2637 656 2726 denique
677 2643 811 2729 stuporis
828 2642 978 2706 adversus
997 2642 1142 2726 spiritum
1160 2644 1232 2703 san-

121 2752 229 2821 ctum,
259 2763 332 2804 cum
355 2741 395 2802 ab
418 2752 552 2826 utraque
569 2755 659 2827 parte
680 2755 713 2805 at
729 2745 842 2807 literae
861 2743 902 2806 ad
921 2754 975 2805 me
995 2744 1110 2805 allatae
1123 2743 1231 2820 essent,

117 2854 157 2907 'st
188 2845 303 2905 sratres
333 2861 459 2903 mecum
489 2840 646 2906 disserturi
672 2846 845 2924 venissent,
887 2845 1036 2931 epistolas
1068 2842 1230 2930 quasdam,

120 2953 278 3030 quantum
298 2942 368 3005 Deo
387 2946 519 3024 juvante
538 2944 647 3029 potui,
679 2949 856 3009 tractatoris
880 2966 971 3008 more
996 2945 1098 3007 fusius
1118 2944 1230 3032 scripsi,

119 3063 257 3129 quarum
273 3045 479 3130 exemplaria
504 3044 545 3108 ad
568 3058 613 3109 ta
627 3046 737 3109 ruisi.”
786 3047 835 3112 cf.
856 3066 984 3133 quoque
1003 3045 1155 3109 Albanas.
1176 3047 1230 3109 lib.

118 3140 160 3205 de
174 3144 252 3205 seut.
269 3141 400 3227 Dionys.
419 3156 491 3212 aas.
534 3147 623 3210 Haec
636 3158 743 3209 autem
755 3147 820 3233 ipsa
833 3150 922 3210 causa
936 3148 996 3226 est,
1018 3167 1075 3208 cur
1086 3147 1231 3208 nonnul-

117 3242 160 3307 lis
172 3243 315 3328 patribus
333 3246 441 3310 miuus
456 3249 562 3311 noller
575 3249 709 3333 placeat.
742 3240 822 3311 Ὅτι
834 3237 1048 3322 Βαοίλειοςὸ
1063 3241 1098 3311 δν
1110 3241 1228 3331 ἁγίοις,

116 3344 223 3430 inquit
243 3344 377 3409 Photius
401 3346 470 3410 cod.
491 3347 688 3414 CCXXXII,
711 3346 762 3414 ed.
781 3346 936 3410 Rothom.
959 3371 990 3433 p.
1011 3360 1089 3426 901,
1118 3342 1178 3412 τὸν
1195 3343 1229 3413 ἐν

115 3433 229 3530 δγίοις
247 3437 428 3511 Διονύσιον
447 3439 697 3532 Ἀλεξανδρείας
715 3438 777 3512 οὐκ
794 3441 830 3511 ἐν
848 3445 989 3523 πολλοῖς
1011 3439 1227 3529 ἀποδέχεται·

114 3537 264 3626 μάλιστα
286 3541 324 3609 δὲ
345 3545 381 3610 ἐν
399 3550 471 3623 τοῖς
494 3542 533 3611 τὸ
552 3540 735 3632 apscessit
753 3539 856 3623 ἔθνος
873 3543 1096 3631 ἐπερείδεται.
1138 3541 1230 3614 διτο-

116 3642 264 3728 scyticas
286 3642 325 3709 δδ
344 3637 430 3730 ὑπὲρ
450 3639 573 3711 αὐτοῦ·
602 3639 648 3723 ὡς
667 3644 728 3712 οὐκ
747 3640 861 3728 ἀσεβεῖ
877 3642 1007 3735 γνώμῃ,
1026 3644 1118 3739 μάχῃ
1133 3649 1171 3717 δὲ
1187 3648 1229 3740 τῇ

113 3738 205 3828 πρὸς
223 3738 407 3824 Σαβέλλιον
429 3739 480 3821 είς
501 3743 562 3831 τὴν
581 3741 757 3811 ἀντίθετον
781 3743 867 3810 κατὰ
887 3748 967 3824 τοὺς
984 3743 1106 3833 λόγους
1125 3772 1228 3839 πεοι-

113 3842 286 3932 sonaim
307 3839 504 3930 δυςφημίαν.
547 3839 588 3912 οδ
604 3843 670 3934 μίγα
688 3838 774 3911 ἀλλὰ
792 3847 851 3911 καὶ
865 3848 1020 3934 aspirari
1038 3844 1229 3932 πνεύματος

114 3937 177 4009 οὐκ
194 3935 322 4030 ιδαγιῖς
336 3937 438 4010 urseris
453 3934 589 4030 ἆφιῖνοι
606 3939 730 4034 φωνάς.
779 3950 892 4037 Neque
906 3949 939 4013 id
954 3963 1078 4014 temera
1093 3948 1228 4018 Basrlius

116 4042 210 4108 dixit.
252 4045 336 4111 Nam
350 4045 543 4109 Athanasius
559 4046 594 4108 in
607 4048 688 4109 libro
703 4045 744 4112 de
759 4050 836 4111 saut.
850 4048 997 4130 Dionysii
1010 4050 1226 4115 Alexandrini

115 4145 289 4213 nonnanes
300 4143 398 4215 aaut
408 4144 594 4236 opiniones,
619 4147 767 4236 Dionysii
779 4149 927 4240 epistolae
941 4149 1068 4218 cuidam
1085 4151 1143 4234 (ad
1154 4152 1226 4227 Eua

76 4316 177 4488 a·
