2572 4770
25 102 90 179 ᾖ.

29 216 128 285 ..²⁰⁰
239 216 257 229 --
376 172 464 275 Cap,
479 183 564 287 ¹VIII.
614 188 845 286 Dogmotica.

59 377 144 455 εἶναι
159 377 218 451 τὸν
235 377 470 473 προβάλλοντα,
489 380 614 457 καὶτὸν
628 376 908 475 προβεβλημένον.
952 381 1171 450 ”Observan-

57 489 136 555 dum
155 509 294 575 namque
319 489 364 551 elt
388 485 443 567 (de
461 486 560 572 princ.
576 485 602 566 I,
623 501 653 566 2,
674 499 703 559 6.
726 510 757 572 p,
775 489 847 573 55),
875 507 916 550 ne
940 488 1011 573 quie
1029 489 1172 557 incurrat

55 591 93 656 in
106 590 180 659 illas
193 589 342 657 absurdae
356 589 483 657 fabulas
498 608 625 670 eorum,
653 588 708 673 qui
725 589 919 673 prolationes
937 586 1094 672 quandam
1113 592 1173 663 libi

54 690 131 777 iptio
145 688 340 779 depingunt,
360 700 396 751 ut
408 685 550 758 divinam
565 702 710 759 naturam¹
722 689 757 760 in
768 701 875 774 partes
885 702 1001 757 vocent
1014 702 1048 755 et
1062 690 1173 757 Deum

54 802 180 879 patrem
203 789 411 876 quantumin
432 791 464 860 te
485 792 531 862 est
550 787 711 869 dividant,
744 810 817 859 cum
837 790 899 856 hoc
921 788 961 854 de
983 790 1174 876 incorporea

56 903 170 961 natura
187 894 242 961 uel
262 892 377 959 leuiter
395 891 541 977 lulpicari
559 913 623 959 aon
638 891 740 961 solum
756 903 919 957 extremae
934 892 1110 977 impictatis
1123 894 1174 975 sa,

56 995 287 1067 verumetiam
301 992 435 1064 ultimae
453 991 669 1081 insipientiae,
698 1011 757 1059 nee
775 991 906 1060 ornnino
926 988 966 1059 ad
982 992 1174 1073 intelligar-2

55 1094 137 1167 tiam
153 1097 363 1182 conloquens,
393 1103 428 1163 ut
446 1092 652 1179 incorporeae
673 1103 807 1162 naturae
826 1093 1035 1162 tubtranttatis
1058 1092 1173 1167 divitia

57 1195 153 1279 pellit
172 1196 321 1275 intelligi,
369 1192 472 1274 lllagis
493 1213 568 1272 ergo
590 1192 668 1263 ficut
688 1192 837 1260 voluntas
857 1191 1000 1279 procedit
1017 1209 1173 1277 emente,

59 1305 95 1361 et
110 1310 216 1382 neque
237 1308 361 1382 partem
381 1296 521 1380 aliquam
542 1294 660 1363 mentis
677 1294 777 1373 lecet,
803 1314 909 1381 neque
930 1296 969 1355 ab
990 1315 1029 1363 ea
1042 1297 1175 1382 separa„

58 1404 112 1465 tur
125 1409 179 1459 aut
193 1396 362 1478 dividit-pr,
385 1395 442 1458 tali
455 1392 592 1481 quadarn
607 1395 710 1482 specie
725 1392 884 1479 putandus
903 1397 948 1459 elt
963 1407 1056 1481 pater
1070 1398 1175 1471 filium

58 1498 199 1580 genuiss'e
213 1498 387 1578 imaginem
399 1495 515 1571 seilicet
529 1496 636 1575 luam¹
651 1507 691 1557 ut
702 1497 780 1561 ficut
796 1495 861 1580 ipse
873 1496 1042 1566 invilibilia
1058 1500 1104 1561 eit
1117 1521 1175 1587 per

59 1607 218 1677 naturam,
233 1599 277 1662 ita
290 1598 463 1678 imaginem
471 1594 794 1682 qnoqueinuifibilem
804 1597 983 1676 genuerin„
1014 1596 1185 1688 Attamen·

2 1766 6 1786 Ι
58 1693 297 1780 quodammodo
311 1701 357 1761 elt
369 1699 455 1765 lilius
468 1695 644 1773 emanatio,
671 1694 724 1758 led
739 1697 910 1792 puril'tirna.
953 1694 1001 1759 Ita
1013 1695 1089 1770 Lib.
1098 1699 1176 1774 Vll,

60 1792 186 1860 comm.
202 1798 237 1869 in
249 1798 345 1872 Rom,
359 1798 449 1879 IX‚5
465 1801 577 1884 (quern
591 1797 697 1867 locum
710 1798 817 1861 attolit
826 1797 956 1861 Keilius
967 1798 989 1859 l.
1000 1798 1023 1868 l.
1037 1808 1176 1891 p.teo)a

15 1978 25 1997 Ι
58 1892 178 1960 ”Unus
199 1911 354 1981 autern,‚,
383 1899 541 1982 Origenes
559 1899 619 1978 ait,
648 1896 809 1983 ”uterque
833 1902 937 1986 (pater
954 1908 986 1963 et
1003 1898 1111 1992 filius)
1132 1908 1178 1978 est

60 1990 170 2078 Deus,
198 2001 273 2086 quia
292 2024 358 2064 non
378 2003 423 2063 elt
443 2000 532 2071 aliud
550 2002 619 2067 lilio
634 1998 811 2072 diuinitatis
828 1999 974 2076 initium,
998 2022 1096 2086 quam
1112 2027 1178 2091 pa-

59 2108 128 2178 ἴση
155 2099 210 2165 ted
223 2102 320 2187 ipfiur
335 2105 430 2166 unius
444 2102 568 2189 paterni
583 2102 700 2180 fontis,
727 2101 804 2171 ficut
821 2100 972 2185 sapientia
988 2099 1081 2182 dicit,
1109 2129 1178 2200 pu„

59 2199 180 2263 riffima
203 2205 248 2269 elt
268 2205 427 2271 emanatio
445 2205 571 2282 filine„
627 2202 678 2275 Ex
699 2205 768 2280 ejus
791 2213 899 2264 autem
921 2200 1047 2275 Coram,
1067 2205 1103 2267 in
1125 2229 1177 2293 ep,

62 2299 105 2365 ad
118 2301 216 2365 Hebr.
232 2304 312 2365 haec
326 2304 417 2365 affert
430 2302 618 2389 Pamphilus
632 2303 756 2387 apolog.
772 2300 874 2391 (RV,
890 2300 975 2391 Opp.
985 2302 1177 2396 Hieronymi,

61 2423 95 2486 p.
108 2413 171 2468 236
194 2400 245 2466 ed.
261 2404 444 2480 hlartian.):
480 2403 604 2483 ''Quod
624 2402 699 2473 ideo
718 2401 759 2464 de
778 2405 873 2471 rebus
891 2405 1110 2489 corporalibus
1125 2413 1179 2481 as„

62 2505 210 2588 lumpfit‚
246 2516 281 2567 ut
305 2505 360 2575 vel
384 2523 426 2573 ex
451 2514 543 2588 parte
567 2504 673 2590 aliqua
696 2498 849 2590 possimne
874 2507 1073 2586 intelligere,
1112 2532 1180 2597 quo

35 2598 161 2666 'modo
182 2602 338 2680 Christus,
376 2602 432 2687 qui
458 2606 502 2665 est
526 2594 707 2690 sapientias
735 2605 909 2671 secundum
934 2607 1181 2676 lirnilitudinem

63 2706 133 2782 ejus
146 2704 291 2789 uaporis,
321 2703 435 2790 quide
458 2706 625 2786 substantia
644 2705 750 2792 aliqua
771 2708 925 2795 corporali
947 2707 1107 2797 procedit,
1136 2714 1179 2779 lio

62 2805 162 2871 etiem
179 2805 262 2892 ipse,
295 2793 333 2868 ut
354 2803 485 2890 quidem
503 2827 603 2892 vapor
623 2808 766 2876 exoritur
785 2807 825 2871 de
848 2811 964 2880 virtute
983 2796 1081 2894 ipfius
1101 2810 1179 2892 Dei,

63 2906 106 2971 lic
125 2919 159 2971 et
175 2906 328 2990 sapientia
347 2928 388 2973 ex
402 2927 441 2975 eo
455 2907 630 2993 procedens
643 2929 684 2973 ex
697 2909 763 3003 ipsa
778 2910 839 2972 Dei
851 2909 1021 2976 substantia
1037 2932 1180 2991 genera-

63 3017 127 3069 tur.
160 3004 229 3089 ‘Sic
253 3008 463 3073 nihilominus
487 3021 520 3081 et
543 3009 717 3084 secundum
740 3010 982 3082 limilitndineru
1003 3015 1182 3096 corporalia

64 3107 261 3195 aporrhoeae
285 3110 349 3179 elle
376 3108 489 3183 dicitur
511 3113 686 3201 aporrhoea
708 3112 825 3191 gloriae
843 3114 1074 3199 omnipotentia
1097 3137 1181 3200 pura

63 3207 223 3296 quaedam
240 3220 272 3271 et
289 3212 419 3285 sincera
468 3210 561 3292 Quae
580 3223 734 3296 utraeque
747 3213 970 3283 similitudines
984 3217 1182 3285 manifesti&

62 3315 142 3377 lime
162 3310 347 3391 ostendunt,
375 3314 635 3375 communionem
654 3314 843 3385 lnhllnntiae
864 3317 927 3378 ell'e
946 3317 1014 3384 lilio
1028 3338 1100 3377 curn
1115 3338 1181 3402 paq

63 3426 122 3480 tre.
165 3414 356 3500 Aporrhoea
376 3415 466 3478 enirn
484 3405 665 3493 ὁμοούσιος
680 3408 807 3487 videtur
826 3417 848 3476 i.
863 3435 892 3489 e.‚
917 3417 1011 3484 unius
1030 3418 1181 3481 raanan..

64 3517 129 3580 tiae
149 3537 221 3579 cum
242 3516 298 3577 illo
319 3535 467 3599 corpore,
496 3536 537 3579 ex
559 3538 622 3603 quo
640 3518 685 3586 elt
705 3519 758 3585 vel
778 3518 953 3602 aporrhoea
968 3518 1021 3578 vel
1036 3524 1184 3604 repom:

63 3616 249 3681 Posterioris
262 3616 323 3678 loci
340 3617 461 3687 etiaruli
475 3639 539 3679 non
555 3606 662 3680 omnia
674 3620 771 3688 uerba
783 3619 843 3679 lint
859 3616 1009 3696 Origenis
1024 3622 1180 3705 genuina,

64 3715 99 3780 id
114 3728 222 3781 tamen
236 3714 313 3779 inde
327 3719 461 3795 constat,
485 3739 580 3805 quem
595 3717 636 3785 ad
647 3720 747 3791 linem
762 3740 836 3780 euru
851 3719 1073 3799 allegavimun

148 3819 298 3883 Jarrrvero
319 3838 511 3903 (pluraquam
528 3819 668 3899 Origene
686 3821 792 3899 judice
812 3822 897 3883 filius
916 3821 1041 3901 genitus
1062 3824 1106 3885 eh
1125 3825 1181 3896 vel

65 3920 227 3983 emanavit
240 3917 316 3982 iude
335 3920 373 3979 ab
391 3931 538 3998 aeterno,
569 3932 676 3985 tamen
696 3943 760 3984 non
781 3926 826 3986 est
846 3922 1025 4002 ingenitus,
1050 3922 1105 3987 fed
1120 3946 1180 4009 ye-

65 4021 176 4104 rproIc
198 4032 423 4082 annumeratur
447 4019 485 4082 T.
500 4019 558 4082 lv.
582 4022 615 4082 in
635 4021 707 4083 tou.
728 4020 779 4084 ed.
799 4023 897 4086 Huet.
916 4022 959 4100 ll,
979 4033 1029 4089 74.
1080 4024 1178 4105 Quos

19 4147 23 4159 ·
67 4123 154 4182 niam
175 4136 282 4185 autern
305 4144 416 4187 omues
438 4143 487 4185 rea
509 4134 639 4208 creatae
654 4116 710 4202 (aci
729 4115 862 4213 perpati)
885 4127 1072 4191 exstiterunt
1092 4129 1180 4219 post
