2572 4770
130 308 204 373 196
448 286 536 380 cap.
562 286 632 354 111.
685 282 913 399 Dogmatica.

125 486 308 570 patrarunt,
335 482 507 558 antequam
525 468 559 531 in
579 487 709 553 corpora
729 461 972 540 descenderent,
1001 471 1034 523 et
1053 479 1092 522 ea
1107 459 1172 544 i'psa
1195 460 1242 521 est

126 584 236 659 causa,
267 599 321 638 car
342 594 406 634 non
426 572 529 632 solum
547 568 688 648 dejectae
705 570 782 646 sint,
809 563 973 628 sedetiam
988 567 1076 642 (curn
1091 563 1243 649 praeser-

126 685 187 749 tim
201 687 330 767 peccata
343 674 378 735 in
393 684 476 733 terra
492 669 597 733 indies
613 671 714 751 magis
728 668 943 744 accumulent)
956 685 1013 750 pro
1026 667 1079 727 scra
1093 682 1243 750 quaeque

125 786 229 870 eulpa.
241 781 277 842 in
297 789 380 839 terra
403 774 515 851 ('’non
533 770 665 858 quidem
683 771 792 832 omnia
813 788 832 828 a
849 765 939 843 Deo,
965 776 1152 828 ncc'tamen
1175 766 1243 830 sine

127 886 250 963 Deo,‚,
279 875 320 940 de
340 877 438 962 princ.
455 874 514 953 111,
528 890 559 951 2,
582 885 608 938 7.
630 879 757 957 p.142;
783 867 850 931 uid.
867 868 1099 953 expositionem
1118 867 1245 932 doari-

127 1007 190 1052 nae
221 981 310 1063 Orig.
344 976 385 1039 de
417 975 648 1052 daemonibus)
679 972 784 1033 mala
816 971 987 1057 physica
1022 970 1241 1055 experiantur.

127 1087 233 1154 Multa
254 1080 391 1143 adhunc
408 1098 476 1138 rem
492 1074 683 1162 pertinentia
703 1076 767 1150 jam
783 1073 872 1157 supra
888 1074 920 1132 in
936 1072 1067 1133 articulo
1086 1072 1129 1138 de
1147 1096 1243 1139 crea-

127 1184 217 1252 tione
235 1179 349 1246 mundi
363 1178 576 1262 exposuimus.
624 1174 692 1236 Hac
712 1174 836 1236 ratione
853 1171 1010 1252 Origenes
1023 1174 1117 1238 Elavi
1132 1188 1169 1238 et
1182 1177 1243 1241 Ja-

129 1287 201 1353 cobi
215 1283 401 1368 exemplum
418 1273 637 1338 illustrandum
658 1277 763 1338 censet
783 1271 839 1350 (de
858 1275 957 1358 princ.
972 1273 1014 1352 ll,
1034 1289 1063 1351 9,
1079 1289 1160 1364 Rp,
1175 1285 1242 1359 99),

129 1386 212 1453 Cum
231 1383 319 1446 euim
343 1376 488 1440 nondum
506 1377 572 1438 nati
588 1374 733 1453 fuiss'ent,
764 1394 869 1459 neque
885 1376 1005 1462 aliquid
1019 1379 1154 1458 egissent
1167 1382 1244 1443 boni

124 1489 183 1552 'vel
201 1483 295 1559 mali,
324 1491 431 1541 tamen
450 1478 570 1539 Esavus
594 1498 612 1537 a
632 1474 703 1538 Deo
721 1475 839 1538 Jacobo
859 1477 1014 1555 subjectus
1034 1480 1096 1558 est,
1122 1483 1245 1569 quippe

127 1587 273 1677 pluribus
292 1583 326 1642 in
340 1579 466 1641 coelesti
481 1579 537 1638 illo
555 1580 632 1638 stata
651 1575 775 1638 delictis
792 1578 944 1661 pollutus.
994 1579 1106 1665 Itaque
1120 1580 1246 1647 admit.

12 1764 17 1783 ι
128 1690 169 1752 tit
187 1682 318 1772 quidem
332 1683 415 1743 rrrala
431 1680 558 1766 plrybca
571 1678 677 1757 Deus,
700 1676 753 1740 led
767 1676 805 1740 ad
822 1698 896 1739 eum
913 1690 1037 1744 tantum
1051 1685 1170 1765 linem,
1197 1698 1245 1767 ut,

132 1807 215 1876 quae
236 1786 290 1847 sua
310 1785 355 1845 est
376 1783 521 1843 sanctitas
541 1792 572 1844 et
591 1781 733 1857 bonitas,
761 1777 884 1841 animas
905 1782 1017 1864 poenis
1032 1786 1170 1866 corrigat
1183 1809 1247 1852 ea-

130 1906 268 1972 rumque
288 1883 408 1945 morbis
426 1881 604 1946 medeatur.
654 1881 707 1945 Sic
726 1905 751 1944 c.
767 1880 845 1945 cett.
861 1879 920 1958 vl,
942 1893 990 1946 56.
1015 1907 1045 1971 p.
1065 1898 1137 1953 67⁵.
1162 1902 1244 1959 uto:

91 2005 95 2012 ·
131 1984 305 2074 „Sicuti”¹,
336 1985 396 2062 ait,
425 1985 599 2070 „quamvis
620 2003 678 2070 per
695 1984 828 2046 abusum
847 1984 930 2043 raaia
943 1988 1147 2070 appellemus
1160 2015 1247 2081 poe-

131 2110 190 2155 nas
209 2091 298 2162 illas,
327 2106 405 2171 quas
425 2097 548 2170 patres,
572 2080 729 2165 magistri,
754 2080 926 2170 paedagogi
940 2087 1092 2169 infligunt
1107 2091 1149 2157 iis
1164 2116 1247 2183 quos

131 2188 299 2266 erudiunt,
331 2200 362 2249 et
384 2185 499 2248 medici
519 2188 559 2250 iis
582 2206 662 2270 quos
680 2182 810 2247 sanandi
829 2189 918 2249 causa
937 2201 1035 2252 urunt
1053 2195 1109 2256 vel
1126 2197 1249 2279 secant,

130 2302 165 2354 et
185 2289 328 2352 dicamus
349 2298 472 2373 patrem
492 2288 586 2364 siliis,
619 2298 675 2347 aut
694 2289 859 2366 magistros
882 2300 938 2352 ant
960 2288 1165 2376 paedagogos
1189 2313 1248 2364 aut

128 2390 273 2455 medicos
293 2388 376 2448 raala
392 2388 515 2466 facere3
547 2408 612 2449 non
635 2400 743 2451 tamen
759 2391 943 2453 accusamus
957 2410 1029 2469 eos,
1056 2394 1113 2480 qui
1126 2392 1249 2464 verbe-

130 2502 203 2554 rant
222 2490 277 2551 uel
292 2490 411 2550 secant:
438 2487 479 2548 fic
499 2488 579 2549 nihil
599 2488 724 2552 absurdi
746 2492 791 2553 est
812 2489 917 2554 dicere
938 2494 1023 2555 mala
1044 2496 1207 2581 quasdam
1228 2524 1248 2565 a

130 2591 204 2664 Deo
220 2589 328 2653 induci
349 2585 388 2647 acl
404 2585 634 2652 convertendas
648 2611 683 2653 ac
700 2589 872 2671 sanandos,
898 2595 954 2680 qui
965 2594 1155 2675 hujusmodi
1168 2622 1248 2667 mo-

130 2697 230 2759 lestiis
251 2713 333 2780 opus
346 2687 503 2752 babent.”
549 2687 589 2750 Et
609 2688 650 2751 de
670 2692 769 2775 princ.
783 2690 825 2772 ll,
846 2706 895 2774 10,
913 2707 942 2760 6.
964 2718 996 2782 p.
1016 2710 1093 2766 1022
1124 2700 1187 2767 ”si
1206 2702 1247 2767 ad

132 2795 272 2881 corporis
292 2793 457 2855 sanitatem
475 2811 533 2877 pro
557 2791 608 2853 his
627 2790 728 2873 vitiis,
757 2816 840 2880 quaa
863 2817 921 2881 per
943 2799 1045 2861 escam
1067 2814 1246 2892 potumque

132 2896 336 2974 collegimus,
355 2892 556 2954 necessariam
568 2893 725 2958 habemus
736 2894 897 2961 interdurn
911 2900 1091 2981 austerioris
1103 2920 1245 2981 ac'mor-

132 2993 267 3057 dacioris
286 2992 510 3057 medicamenti
532 3015 658 3076 curam3
693 2988 923 3085 nonnunquam
946 3020 1041 3080 uero,
1076 2996 1156 3068 ilid
1176 3007 1243 3071 vitii
1279 3034 1284 3073 a

133 3095 270 3181 qualitas
287 3093 522 3187 depoposcerit,
549 3096 747 3176 rigore'serri
768 3109 800 3161 et
815 3099 961 3166 sectionis
974 3100 1143 3189 asperitate
1156 3104 1243 3171 iudi-
1275 3158 1280 3209 Ι

131 3214 263 3277 gemns3
295 3196 407 3282 quodsi
428 3199 525 3260 etiarn
542 3199 621 3260 baec
641 3199 854 3284 supergressus
873 3204 972 3266 fuerit
993 3204 1099 3269 morbi
1117 3208 1239 3292 modus,
1275 3216 1279 3277 l

132 3292 175 3358 ad
204 3296 353 3360 ultimum
379 3309 569 3384 conceptum
592 3298 709 3362 uitium
732 3300 830 3364 etiam
856 3301 940 3384 iguis
965 3304 1091 3387 exurit3
1125 3321 1239 3397 quanto
1269 3366 1272 3371 .

131 3397 234 3479 magis
251 3397 496 3479 intelligendum
518 3401 563 3462 est
579 3411 613 3462 et
627 3398 713 3464 stunc
726 3401 887 3467 medicum
901 3406 1041 3469 nostrum
1055 3404 1166 3473 Deum
1180 3430 1239 3475 ro-

49 3508 58 3535 ’
130 3510 255 3577 lentem
274 3496 398 3563 diluere
418 3499 495 3562 vitia
511 3501 690 3564 animarum
707 3505 902 3583 nostrarum,
931 3526 1014 3591 quae
1033 3526 1077 3570 ex
1093 3518 1243 3597 peccato-¹

131 3618 206 3663 rum
218 3611 251 3662 et
266 3600 420 3661 scelerum
435 3598 615 3665 diversitate
628 3604 837 3685 collegerant,
864 3602 913 3667 uti
926 3605 1152 3686 hujuscemodi
1163 3612 1238 3699 poe·

131 3702 259 3764 nasibus
279 3701 381 3779 curis,
409 3701 538 3789 insuper
558 3702 655 3766 etiam
674 3704 763 3785 iguis
779 3705 897 3769 inferre
916 3704 1107 3793 supplicium
1126 3708 1237 3799 bisqni

130 3802 297 3864 sanitatem
325 3802 451 3865 animae
473 3801 706 3890 perdiderant?
745 3853 754 3870 .
778 3803 908 3871 ,Furor
931 3805 1093 3873 uindictae
1114 3808 1180 3877 Del
1202 3810 1238 3876 ad

129 3903 355 3989 purgationem
376 3904 498 3988 profuit
517 3903 739 3986 animarum„
793 3904 862 3971 ”In
885 3929 950 3995 quo
971 3909 1117 3996 proiecto
1139 3912 1237 3981 omnis

128 4002 212 4064 ratio
231 4002 398 4090 aequitatis
418 4002 610 4085 ostenditur,
643 4004 723 4070 dura
743 4007 954 4095 inaequalitas
973 4032 1082 4076 rerum
1103 4016 1239 4081 retribu-

128 4100 225 4167 tionis
237 4104 425 4169 meritorum
440 4104 542 4169 serrat
556 4108 778 4193 nequitatem„
796 4110 852 4189 (ib.
868 4133 893 4175 c.
910 4124 940 4177 9.
965 4116 989 4195 l.
1004 4124 1033 4177 8.
1058 4137 1089 4201 p.
1109 4122 1194 4197 100).

955 4428 1004 4537 a}
1060 4496 1068 4523 .
