2572 4770
133 229 209 295 396
456 218 544 309 cap.
570 216 645 285 ΙΙΙ.
663 214 924 305 'flegmatica

132 416 205 467 tum
233 402 414 463 terrestrem
439 396 480 459 ad
506 393 751 485 proponendum
777 393 872 469 nobis
900 392 1037 457 vivendi
1065 394 1256 481 nostraeque·

131 504 260 565 a'nirnae
281 500 329 585 τῷ
344 492 432 615 lo‘yqr
449 497 644 575 adhaerendi
665 498 851 583 exemplum
869 500 951 576 acta)
972 506 1200 583 etpraeterea
1213 496 1251 559 da

103 680 106 685 Ι
132 604 236 693 pretio
258 602 424 664 solutionis
442 613 545 662 morte
566 601 662 685 ipsius
680 603 794 684 (quum
813 598 913 660 etiam
925 596 1042 695 l'etrus
1057 594 1188 678 Illnrtyr
1199 620 1252 682 pru

131 708 275 768 maximo
303 708 374 787 eius
398 723 494 786 opere
516 703 634 764 habere
657 700 799 781 ridetur)
829 696 956 759 diabolo
977 696 1057 761 dato
1077 699 1252 775 (nonnulla

132 794 232 866 eliani
247 802 288 865 de
300 803 485 865 continuato
501 804 616 867 Christi
632 804 728 886 opere
740 824 788 877 -ψ,
797 799 861 862 scil.
877 797 919 861 de
933 799 1166 861 intercessione
1179 801 1252 877 cet.)

107 968 109 973 ,
130 907 237 967 Ιιεὼθῑ.
290 902 466 984 (Didymus
484 905 519 965 in
536 905 630 967 rebus
652 901 840 981 gravissimis
856 902 931 963 ¹cum
944 899 1094 981 Origene
1116 900 1251 962 consen-

130 1007 210 1083 tire,
251 1005 383 1090 propius
409 1014 519 1066 tamen
549 1004 590 1067 ab
615 1004 673 1065 illa
689 1001 848 1064 acclesiae
877 998 1086 1063 occidentalis
1116 998 1251 1063 docendi

129 1107 255 1168 ratione
280 1104 408 1169 videtur
432 1108 564 1185 abesse.)
623 1102 758 1190 Itrsuper
776 1101 937 1182 Origenes
967 1104 1059 1180 (num
1085 1100 1249 1182 Didymo)

129 1208 227 1271 etiam
239 1209 427 1286 angelorum
442 1193 629 1268 saluatorem
643 1206 715 1267 elle-
724 1203 881 1269 Christum
897 1207 1020 1293 censet,
1044 1223 1155 1287 quarn
1167 1202 1250 1265 Ter-

21 1372 24 1377 ,
130 1307 295 1369 tullianus·¹
312 1309 392 1386 (jam
406 1298 703 1387 'ante'Origeneim
727 1305 914 1392 opinionem
934 1302 1057 1367 refellit
1084 1301 1131 1366 de
1158 1325 1248 1369 carne

129 1405 244 1470 Christi
263 1417 355 1473 c.·14.
789 1467 792 1473 .
831 1474 834 1479 .

213 1505 386 1570 Vindicare'
405 1505 463 1569 lib'i
483 1507 582 1570 homo
595 1508 698 1595 potest
711 1504 827 1572 Christi
840 1525 920 1591 opus
937 1501 1157 1591 (reniumque
1169 1528 1247 1592 peo-

129 1616 271 1693 catorum
291 1627 330 1669 eo
353 1612 584 1693 comparatam)
606 1628 649 1672 ex
668 1607 823 1671 sententia
844 1606 1019 1672 Clementis
1037 1616 1074 1669 et
1094 1606 1246 1686 Origenis

127 1704 220 1769 fide
257 1706 398 1795 indeque
434 1708 665 1795 profluentibus
696 1710 880 1771 christianae
915 1708 1091 1779 sanctitatis
1127 1710 1245 1775 bonis

127 1806 323 1891 operibus
354 1813 441 1889 (cum
467 1804 697 1896 poenitentia),
731 1809 889 1896 imprimis
906 1810 1060 1891 rnnrtyrio
1083 1812 1203 1890 (etiam
1223 1832 1243 1873 a

126 1906 269 1989 Didymo
292 1912 465 1993 celebrato)
483 1911 539 1993 ¹⁵),
572 1912 634 1975 hoc
659 1921 768 1973 autem
794 1908 992 1991 discrimine,
1026 1921 1065 1972 nt
1090 1912 1243 1977 Clemens

125 2011 202 2096 (qua
229 2011 265 2073 in
292 2032 328 2074 re
346 2011 524 2093 Didymum
551 2014 648 2075 habet
672 2014 909 2092 assentatorem)
937 2033 1011 2075 cnm
1027 2010 1102 2075 side
1127 2017 1241 2101 (qnam

123 2114 310 2197 praesertim
336 2112 378 2177 ad
404 2116 514 2194 gnosiu
540 2111 724 2201 perductam
747 2110 897 2177 Clemens
921 2112 1105 2193 intelligere
1131 2116 1240 2196 malit)

122 2215 241 2277 arctius
259 2235 356 2300 opera
373 2220 563 2296 conjungere
581 2212 751 2292 videatur,=
770 2236 866 2299 quam
882 2214 1049 2296 Origenes.
1100 2215 1239 2280 Tertul-

120 2313 227 2380 lianus
252 2326 360 2378 coutm
386 2317 509 2401 saepius
530 2314 595 2379 fide
616 2316 682 2378 sola
705 2334 765 2376 nos
784 2316 941 2394 justificari
959 2316 1004 2378 ait
1024 2313 1116 2394 (adr.
1139 2315 1236 2382 Mart.

117 2404 164 2493 V,
184 2426 224 2495 ὃς
256 2414 330 2481 adr.
352 2415 431 2482 lud·
455 2404 566 2496 c.'8.),'
599 2426 632 2478 et
654 2415 832 2500 Cyprianus
859 2414 921 2496 (de
941 2434 1049 2502 opere:
1061 2428 1096 2480 et
1115 2419 1234 2489 eleem.

118 2518 252 2602 110200)
283 2515 382 2578 fidem
408 2536 568 2601 operaque
586 2517 836 2601 inseparabiliter
857 2517 1027 2596 conjungit.
1078 2516 1235 2606 Uterque,

118 2606 152 2681 e't
167 2614 316 2680 Clemens
329 2616 549 2696 etiOrigenes,
576 2637 702 2679 netum
723 2618 908 2698 (Dionysius
921 2621 970 2698 et)
983 2614 1171 2700 Didymus,
1192 2620 1234 2685 ad

116 2716 345 2805 excipiendum
364 2718 523 2783 Christum
541 2715 607 2781 sude
626 2729 660 2781 et
683 2720 832 2807 operibus
848 2716 1041 2781 imitandum
1054 2770 1058 2777 .
1070 2722 1234 2799 gratiae

117 2816 284 2881 divinae
304 2819 425 2881 auxilio
446 2832 528 2904 opus
546 2821 612 2882 esse
627 2818 823 2899 concedunt,
850 2825 939 2899 cujus
952 2816 993 2882 ad
1004 2820 1232 2907 participatio-

114 2940 209 2999 nem,
231 2931 268 2982 nt
279 2923 383 2999 ajunt,
410 2940 468 3005 pro
482 2919 581 3005 ipsius
597 2941 756 3006 quemque
774 2919 927 3003 dignitate
941 2918 1031 2985 Deus
1044 2923 1231 3008 praedesti-

113 3020 212 3083 navit.
239 3026 242 3031 '
257 3002 355 3100 Quod
369 3018 410 3082 ad
429 3010 672 3084 occidentalium
687 3021 852 3086 doctorum
865 3020 1049 3085 consensum
1063 3024 1127 3087 hae
1144 3025 1180 3087 in
1194 3047 1230 3089 re

112 3120 246 3199 attinet,
281 3124 438 3200 majorem
467 3124 588 3207 (neque
612 3135 721 3187 tamen
740 3122 979 3202 irresistibilem)
1004 3120 1229 3190 Tertullianus

113 3218 171 3302 (de
185 3221 292 3283 anima
312 3244 337 3284 c.
353 3237 422 3304 21.;
450 3221 516 3287 vid.
530 3223 655 3288 Neand.
668 3224 802 3306 Antign.
823 3246 854 3309 p.
869 3231 929 3289 459
946 3227 1007 3309 lq.)
1026 3227 1151 3306 gratiae
1170 3226 1228 3289 di-

111 3323 207 3386 vinae
222 3322 394 3386 efficaciam
410 3322 569 3403 concedit,
590 3328 757 3411 multoque
776 3323 936 3404 disertius,
961 3324 1228 3411 quarn-Alexan·-

110 3420 212 3503 driui,
236 3430 409 3512 cooperans
426 3435 550 3487 tautum
563 3426 681 3507 gratim
694 3445 813 3488 munus
827 3424 1019 3505 tribuentes,
1043 3426 1223 3517 Cyprianus

110 3522 169 3604 (de
188 3526 287 3605 gratia'
307 3524 371 3588 Dei
393 3523 433 3588 ad
452 3525 569 3590 Donat.
596 3550 627 3613 p.
645 3538 674 3594 8.
696 3534 733 3608 43
769 3525 812 3588 de
832 3537 910 3588 orat.
933 3523 1058 3591 domini
1083 3552 1118 3615 p.
1143 3541 1222 3613 Μῦς

109 3638 161 3711 ep.
177 3636 226 3692 tt.
251 3648 283 3711 p.
298 3626 374 3705 282)
396 3620 597 3713 omnequod
617 3629 717 3690 homo
731 3640 803 3707 agat
819 3627 940 3690 bonum
955 3648 973 3689 a
986 3630 1052 3692 solo
1068 3628 1142 3695 Deo
1159 3631 1221 3695 de-

107 3724 202 3790 rivat.
252 3726 411 3807 Gratiam,
438 3748 521 3813 quae
543 3750 600 3816 per
621 3728 767 3819 spiritum
784 3724 925 3793 sanctum
943 3732 1219 3821 (regenerantem)

63 3862 67 3869 ¹
108 3860 316 3893 ..ι-ψ-

140 3958 170 4027 ’)
188 3956 327 4028 ongean
340 3960 477 4031 proclivia
493 3954 531 4016 eli
546 3963 775 4033 addicendum,
799 3963 922 4019 etiamn
934 3972 1064 4035 martyre
1079 3964 1146 4020 aliis
1164 3966 1216 4019 lra-

50 4066 53 4073 ·
175 4046 305 4127 minibus
324 4049 470 4117 quandam
486 4060 672 4118 peccatorum
691 4052 807 4105 veniam
828 4052 993 4123 comparari
1012 4052 1108 4121 posse,
1138 4054 1214 4125 quod

136 4144 152 4161 ⁵·
177 4130 373 4188 Tertullianus
387 4134 423 4189 de
434 4135 556 4207 pudicit.
573 4155 598 4194 e.
608 4139 652 4196 22.
664 4148 753 4211 negat
764 4140 889 4208 (Neaad.
904 4139 1023 4211 antigii.
1039 4140 1162 4209 estid).
