2572 4770
381 255 553 343 Orr'genca
578 252 862 347 (Apologetico).
1105 261 1179 325 309

57 431 197 495 suasisset
216 443 249 495 et
266 453 308 495 ex
328 433 391 496 suis
409 435 587 519 praeceptis
606 435 715 497 vivere
734 446 766 497 et
784 432 864 497 alios
881 431 922 495 ad
937 452 974 495 ea
988 429 1175 517 capessenda

56 532 236 612 adducere,
262 535 445 618 praesertim
461 557 549 615 cum,
575 549 610 598 ut
624 538 694 599 Γιιιιι
707 538 868 598 humanae
882 555 949 613 res,
972 535 1007 597 in
1024 534 1172 617 praesens

56 635 149 696 exitii
174 635 352 718 periculam
371 638 403 696 se
425 637 585 714 conjiciat,
622 639 763 722 quisquis
780 659 862 701 nova
883 654 1073 723 quocunque
1091 653 1172 717 pro-

55 736 201 814 mulgere
231 733 345 814 audet,
378 736 668 822 insensosquesrhi
694 736 847 815 reddere,
888 734 1170 821 quicunquessunt

55 836 163 922 priscis
185 834 342 917 dogmatis
365 847 398 898 ct
417 838 696 909 consuetudinibus
715 838 842 903 addicti.
891 839 1005 903 Nonae
1027 832 1058 897 id
1077 832 1169 914 peri-

54 938 119 999 culi
139 935 291 1000 viderunt
303 936 376 1000 lesu
392 939 541 1022 apostoli,
569 962 643 1005 rum
661 943 727 1006 ausi
743 943 815 1003 sunt
834 960 899 1001 non
918 940 1019 1001 solum
1031 934 1164 1001 ludaeis

53 1060 97 1103 ex
109 1040 303 1124 propheticis
319 1041 515 1104 sermonibus
530 1045 681 1125 probare,
708 1064 784 1105 euin
800 1042 863 1118 esse
878 1061 974 1125 quern
987 1039 1163 1153 prophetae

51 1138 294 1226 praedixerant3
327 1137 382 1202 sed
404 1142 502 1205 etiam
520 1143 651 1227 reliquis
672 1143 818 1222 gentibue
841 1162 951 1219 eum,
962 1140 1017 1224 qui
1037 1139 1110 1199 heri
1129 1149 1162 1201 et

51 1241 171 1305 nudius
185 1243 296 1305 tertius
312 1263 395 1303 cruci
386 1240 522 1325 affixus
533 1243 657 1320 fuerat,
677 1245 758 1304 hanc
775 1245 857 1306 ultro
870 1253 1007 1304 mortem
1021 1260 1079 1323 pro
1092 1239 1161 1300 hu-

50 1364 149 1404 niano
166 1361 282 1421 genere
299 1342 407 1403 subus
393 1340 474 1405 (ΓΜ
495 1355 529 1407 et
524 1366 597 1429 qu
599 1346 655 1429 ..Γιι
703 1342 845 1421 ΡιιιιοΙ,
865 1342 929 1408 43.
937 1362 968 1427 ιι.
986 1352 1063 1407 359:
1095 1337 1166 1417 „Si
1232 1410 1236 1415 ,

49 1444 129 1505 falsa
147 1442 263 1520 sunt”,
294 1441 372 1505 dicit
390 1420 534 1521 Judaeo,
559 1465 669 1530 „quae
689 1440 797 1506 des
742 1445 815 1508 lesu
836 1446 964 1529 scripta
969 1445 1055 1516 litut,
1084 1438 1160 1523 quia

49 1545 143 1608 nobis
162 1543 265 1622 deest,
291 1555 328 1609 ut
345 1554 459 1629 patae,
488 1541 575 1607 unde
595 1566 633 1606 ea
652 1566 725 1607 vera
748 1546 811 1606 esse
834 1544 1001 1607 evidenter
1017 1539 1159 1601 demon-

48 1649 199 1724 stremus,
222 1656 331 1729 utpote
346 1663 429 1729 quae
445 1645 483 1704 ab
499 1643 555 1705 illo
571 1646 653 1722 solo,
675 1657 725 1723 et,
748 1657 783 1706 ut
800 1646 857 1707 tihi
871 1644 1044 1708 observasse
1060 1637 1159 1707 ricle-

48 1747 109 1824 ris,
131 1749 169 1808 ab
182 1747 282 1806 altero
298 1764 340 1804 ex
352 1743 495 1827 supplicii
507 1746 598 1807 sociis
612 1747 675 1807 visa
693 1757 726 1807 et
739 1743 846 1808 audita
860 1752 1007 1819 suerunt,
1037 1751 1155 1826 quomo

47 1846 149 1927 iringis
168 1846 272 1907 dicere
291 1843 398 1903 licebit
416 1862 504 1904 mera
525 1858 672 1930 portenta
692 1845 817 1907 linxisse
834 1845 1054 1918 Ezechielem,
1081 1859 1155 1901 curn

23 1983 26 1987 ·
45 1948 91 2011 ait
111 1958 238 2032 apertos
254 1945 348 2005 fuisse
361 1942 466 2004 coeloe
482 1953 514 2003 et
526 1964 579 2026 qu.
596 1942 663 2028 sip?
699 1944 738 2005 Et
755 1946 837 2013 haec,
848 1934 970 2031 ΓὸΓιΓιιι
984 1939 1074 2017 V1,1
1095 1983 1127 2000 ..
1145 1985 1153 1999 .

44 2047 133 2110 unde
147 2048 247 2107 hahes
266 2064 343 2105 vere
364 2042 474 2104 abillo
494 2043 587 2104 fuisse
607 2042 795 2126 conspecta?
826 2044 914 2109 llihil
931 2042 1035 2117 enim,
1057 2036 1156 2111 οΓιι-Ι
1220 2100 1227 2114 ,

43 2146 143 2222 daec,
170 2147 205 2207 in
226 2167 266 2208 na
283 2146 379 2206 rebus
396 2144 549 2228 suspicare
571 2142 745 2223 mendacii,
771 2142 874 2208 credis
894 2165 958 2204 non
980 2136 1077 2201 modo
1099 2156 1155 2198 eae

41 2247 192 2331 aspiritu
211 2249 316 2309 sancto
337 2247 472 2306 ostensas
487 2241 580 2305 suisse
600 2246 791 2327 prophetae,
817 2242 870 2306 sed
887 2245 979 2305 illum
998 2239 1095 2300 etiam
1112 2214 1197 2297 ab

41 2346 160 2410 eodem
183 2347 294 2431 spiritu
321 2346 463 2407 alllutum
490 2364 546 2407 eae
568 2356 601 2405 et
627 2343 724 2406 dixiss
710 2348 740 2406 se
770 2357 803 2407 et
825 2345 925 2407 literis
949 2344 1052 2415 consi⁰
1036 2339 1150 2419 θιιιΓΓε.

40 2448 112 2514 Utri
125 2467 202 2509 vero
215 2447 316 2527 magis
329 2442 530 2524 adjungenda
549 2443 630 2506 sides
643 2447 711 2523 est,
733 2446 780 2506 illi
795 2468 850 2530 qur
841 2444 921 2506 sibi
933 2443 1009 2505 dicit
1024 2448 1152 2533 apertos
1253 2530 1260 2539 Ι

39 2550 133 2611 suisse
152 2549 276 2626 coelos,
309 2567 423 2609 vocem
442 2543 658 2621 exaudivisse,
682 2543 794 2607 vidisse
816 2545 983 2608 dominnm
1004 2538 1150 2605 Zehaoth

37 2649 204 2713 sedentem
219 2651 310 2734 super
323 2649 437 2709 solium
451 2648 609 2709 excelsum
624 2658 656 2708 et
671 2648 850 2724 elevatum,
874 2667 914 2729 nn
929 2643 1027 2708 Jes?o
1058 2638 1151 2704 Nihil

37 2754 127 2837 euim
145 2753 290 2813 fecerunt
308 2748 427 2810 Jesaias
443 2758 476 2808 et
490 2747 658 2822 Ezechiel,
686 2747 772 2832 quod
792 2771 863 2810 cum
879 2718 935 2826 iis,
962 2765 1044 2830 qnae
1058 2736 1150 2804 tetus

35 2853 131 2953 fecit,
165 2849 340 2934 comparari
365 2859 476 2931 queat,
510 2849 607 2923 hujus
628 2859 737 2910 autem
759 2849 893 2911 virtutes
915 2868 979 2909 non
1004 2844 1148 2905 enituere
1238 2900 1241 2905 ι

34 2953 141 3015 solum
162 2966 306 3036 tempore
322 2950 396 3026 illo,
426 2970 490 3033 quo
506 2964 619 3030 corpus
632 2942 764 3010 indutus
777 2970 850 3010 cum
869 2947 1053 3009 hominibus
1066 2964 1146 3005 ver-

33 3055 122 3117 satus
144 3058 208 3131 est,
244 3051 298 3113 sed
319 3050 422 3113 adhuc
446 3051 515 3126 ejus
532 3048 685 3130 potestate
705 3049 758 3127 fit,
788 3049 902 3133 utqui
928 3042 1146 3131 Deoperi17
1231 3094 1235 3107 .

31 3154 106 3217 Γιιιιι
124 3152 271 3231 credunt,
301 3174 320 3213 a
337 3152 422 3213 vitiis
438 3147 478 3211 ad
492 3148 659 3208 meliorem
678 3148 778 3209 vitam
796 3162 993 3211 revocentur.
1036 3144 1146 3224 Quam
1250 3162 1258 3175 ¹

31 3276 163 3319 morum
191 3254 403 3317 mutationem
432 3253 502 3328 ejus
527 3249 680 3331 potestate
707 3251 777 3312 steri
825 3251 935 3310 lanum
960 3260 993 3312 et
1010 3245 1145 3309 evidens
1233 3320 1236 3325 ¹

30 3358 110 3420 hinc
125 3359 187 3433 est,
213 3353 317 3440 quod,
340 3375 430 3431 curn,
451 3362 496 3411 ⁴ut
513 3349 579 3433 ipse
598 3347 680 3410 dixit
696 3361 728 3412 et
742 3272 938 3434 explrientia
953 3348 1145 3432 comproba-

30 3469 104 3534 tur,
128 3458 260 3519 omnino
283 3453 430 3515 deficiant
448 3453 503 3537 qui
522 3453 613 3514 messi
634 3453 814 3513 animarum
832 3447 909 3513 dent
921 3469 1068 3536 operam,
1095 3453 1144 3505 tot

30 3560 160 3621 animae
182 3556 337 3618 tamenin
354 3572 444 3615 areas
461 3552 542 3633 Dei,
570 3576 651 3640 quae
665 3557 737 3615 sunt
750 3552 914 3630 ecclesiae,
936 3555 1143 3633 comporten-

29 3671 86 3723 tur
106 3671 139 3722 et
162 3665 401 3768 congregentur.
452 3603 562 3738 Atqde
581 3656 633 3718 lus
647 3653 807 3718 Judaeum
826 3670 941 3735 urgeo,
970 3671 1036 3713 non
1055 3640 1142 3730 quod
1226 3688 1235 3703 ι

29 3758 211 3824 Ezechielis
232 3769 264 3819 et
280 3755 400 3817 delatae
418 3754 467 3814 tes
465 3754 599 3817 timonio
622 3753 720 3817 fidem
741 3758 910 3836 abrogem,
945 3771 1020 3813 narn
1041 3745 1141 3810 Chri-

29 3863 151 3925 stianus
164 3881 230 3940 ego
251 3851 673 3935 s11n13sedsuussu1nirs,
700 3878 781 3942 quae
801 3880 865 3919 una
886 3873 1012 3918 merom
1031 3845 1141 3925 credit,

28 3973 67 4023 ut
94 3960 350 4045 persuaderem,¹
367 3957 474 4020 lesum
497 3958 614 4036 magia,
649 3978 744 4041 quam
763 3959 949 4043 prophetas,
985 3949 1049 4011 lide
1076 3950 1141 4010 esse

29 4060 204 4141 dignum.'’
259 4060 451 4138 „llxclarnat
471 4056 614 4121 ‚ludaeos
641 4059 703 4136 (ll,
723 4064 772 4123 rt.
795 4079 827 4142 p.
844 4060 946 4134 dm:
980 4050 1141 4115 Altiffime

30 4164 198 4231 coetorum
215 4162 318 4227 Deus!
347 4161 419 4247 quia
434 4160 524 4224 Deus
537 4159 620 4223 inter
632 4160 780 4224 homines
796 4159 935 4223 versatus
954 4177 1020 4219 uon
1033 4154 1143 4243 impe-
