2572 4770
460 319 810 407 *⁹57—

87 491 202 581 ¹ceph.
221 491 277 568 V,
304 488 376 568 ιο)
397 446 657 561 innumerabiles
678 492 842 561 auditores
861 493 1057 561 Caesaream
1081 493 1169 561 sesti-

99 617 192 662 uare
209 592 248 658 ad
269 590 474 659 audiendum
486 592 688 685 Origeuem3
717 592 760 663 ad
781 594 979 683 Origenem,
1003 596 1169 720 ,Eusebius
1214 664 1219 679 ,

102 699 171 778 ait,
193 685 308 763 πολλοὶ
330 687 524 817 προσῄεσαν,
546 691 583 766 ου’
597 692 780 788 μόνοντῶν
798 695 995 816 ἐπιχωρίιρν,
1016 691 1102 765 oillei
1115 691 1168 765 καί

102 796 167 876 viis
178 790 360 873 οἷλλοδαπῆς
377 792 483 887 μυρίοι
496 790 719 887 φοιτηταί
673 823 736 875 τοις
755 793 912 891 πατρίδας
929 794 1167 899 inolescere-re,

100 922 252 989 quorum
283 897 492 967 celeberrimi
522 902 707 993 Gregorius
732 900 1006 991 Thaumaturgus
1033 904 1168 993 eiusque

81 1004 212 1071 scater
221 1000 473 1071 Athenodorus
523 1007 564 1073 ln
576 1005 803 1094 persecutione
818 1005 911 1073 sub
900 1005 1041 1092 imperio
1053 1004 1169 1072 Maxi-

100 1105 189 1171 mini
213 1096 252 1197 (a
254 1099 492 1195 .CCXXXV)
518 1105 680 1194 Origenes
696 1109 802 1179 multe
818 1108 990 1197 perpessus
1010 1110 1052 1173 est
1078 1097 1170 1190 (Eu-

102 1206 168 1275 seb.
189 1206 224 1272 h.
244 1229 274 1273 c.
294 1205 363 1285 Vl,
391 1195 483 1296 28),
512 1207 649 1277 forsitan
677 1210 732 1276 illo
758 1225 912 1301 tempore
938 1223 1006 1277 toto
1035 1207 1189 1274 biennio·
1262 1208 1266 1215 '

102 1309 193 1399 apud
212 1303 378 1377 lulianam
400 1308 509 1392 illam,
530 1335 634 1400 quam
653 1311 820 1380 Palladiu's
841 1313 864 1379 Ι.
879 1313 902 1379 Ι.
921 1331 1171 1377 commemora·
1269 1320 1271 1325 “

101 1411 168 1493 rit,
189 1410 350 1476 versatus.
400 1413 574 1500 Postquam
589 1436 705 1501 pacem
724 1437 812 1483 anno
832 1414 1058 1484 CCXXXVll
1077 1412 1170 1479 Gor·

103 1513 222 1581 dianus
240 1513 395 1580 ecclesiae
414 1504 622 1598 reddiderat,
646 1517 810 1605 Origenes
827 1517 979 1585 Athenas
997 1513 1170 1603 profectus

102 1618 145 1682 ert
171 1611 312 1695 (Euseb.
335 1617 403 1696 Vl,
429 1609 518 1703 32)3
550 1619 690 1709 postea
679 1643 714 1684 ιιι
735 1619 920 1696 Arabiam,
945 1619 987 1683 ab
1011 1614 1169 1707 episcopia

102 1716 203 1783 buius
225 1716 420 1805 provinciae
436 1718 594 1790 invitatus
616 1722 656 1787 ad
670 1721 796 1811 Berylli
816 1745 948 1788 errores
961 1718 1169 1797 relutandos,

104 1819 247 1908 episcopi
266 1819 460 1901 Bostrenlis,
493 1846 551 1910 qur
542 1824 700 1890 dixerat
724 1822 871 1915 (Euleb.
892 1827 960 1905 Vl,
985 1810 1080 1910 33),
1108 1808 1170 1897 τίν

103 1921 233 2010 σωτῆρα
247 1914 302 1986 καί
315 1944 417 2011 κυριον
434 1921 520 2011 ἧμιῗίν
541 1917 655 2015 μίρ
611 1950 637 1992 π
639 1918 819 2015 ροῦφεοτοίν
805 1950 853 1989 ναι
876 1950 941 1990 κοι-
940 1917 1045 1992 ’ίδίαν
1067 1914 1170 1996 ου’σίοις

102 2013 322 2143 περιγραφὲν,
311 2013 416 2144 ,ιίιρ
437 2023 496 2102 τῆς
520 2021 564 2098 είς
578 2017 776 2114 οἷνθριίπους
799 2021 980 2113 ἐπιδημίας
1011 2021 1092 2139 ριρδὲ
1112 2011 1171 2100 riv
1235 2068 1238 2075 -

104 2116 253 2205 sadran
273 2119 351 2192 ίδίοιν
371 2149 480 2210 εχειν,
506 2119 580 2191 stt'
593 2126 883 2215 ἐμπολιτευομίνην
901 2120 992 2215 οιιίτῷ
1004 2118 1098 2212 μένην
1113 2110 1172 2200 τοῖν

106 2217 288 2315 πατρικῆν,
299 2240 390 2294 tanta
408 2228 568 2315 loquutus
589 2233 632 2295 est
646 2229 850 2316 eloquentia,
874 2242 912 2295 ut
922 2226 1080 2315 Beryllus
1096 2222 1172 2289 len-

106 2329 241 2398 tentiam
252 2342 449 2397 retractaret
464 2329 667 2418 Origenique
679 2331 801 2417 gratias
813 2343 926 2417 ageret
939 2328 1011 2411 (cf.
1028 2327 1171 2394 Hieron,
1192 2378 1196 2385 .

106 2432 202 2513 caud.
216 2456 246 2497 c.
263 2430 348 2509 60.).
395 2428 454 2529 Ab
473 2432 590 2498 iisdem
607 2432 765 2522 episcopis
789 2433 930 2511 (Euseb.
943 2434 995 2502 Vl
1003 2478 1013 2510 ,
1033 2427 1105 2518 37)
1127 2426 1172 2492 ad
1273 2432 1277 2437 '

104 2533 270 2623 synodum
285 2532 439 2614 vocatus,¹
465 2556 566 2622 quam
587 2550 704 2603 contra
723 2534 907 2602 haereticos
925 2533 1087 2622 quosdam
1109 2531 1173 2595 ha-

105 2636 243 2720 bebant,
277 2635 334 2722 qui
357 2635 526 2719 dixerant,
559 2625 616 2715 τίν
644 2632 845 2724 ἀνθρωπείαν
869 2628 981 2722 ψυχῆν
1001 2635 1085 2706 τέως
1109 2629 1170 2722 μὲν

105 2726 191 2807 acroi
216 2761 274 2806 τον
295 2736 459 2805 ἐνεστῶτα
478 2728 585 2828 κοιρδν
605 2730 675 2827 ἅμα
693 2765 734 2836 ry
729 2739 894 2843 τελευτῇ
907 2724 1171 2813 συναποθνήσκειν

107 2846 170 2914 τοῖς
184 2832 312 2930 criptam
332 2864 383 2907 και
378 2833 482 2905 ‘scarb
475 2832 719 2964 ιριφθείρισθαι·
743 2829 838 2928 αὖθις
859 2839 895 2905 δέ
914 2861 997 2907 ποτε
1012 2826 1096 2913 και-οἷ
1113 2824 1173 2903 τον
1252 2850 1257 2871 '

85 2945 162 3023 -τῆς
182 2966 387 3015 αναοταοεως
402 2965 506 3030 καιρον
524 2967 578 3011 σνν
598 2936 706 3016 αὐτοῖς
730 2934 984 3018 ἀναβιώσεσθαι,
1010 2940 1172 3025 Origenes

106 3060 197 3115 unu
213 3070 249 3112 rr
240 3043 464 3132 disputarit,
488 3055 526 3109 ut
545 3066 659 3112 omnes
680 3045 758 3111 suae
772 3044 965 3112 conciliaret
982 3041 1173 3108 sententiae.

104 3149 183 3215 Pari
195 3146 349 3215 felicitate
360 3146 624 3215 Helcesaitarum
637 3147 839 3229 doctrinam,
860 3168 929 3210 nou
926 3145 1074 3241 quidem
1090 3163 1175 3206 con-

103 3249 319 3338 peffionibua
343 3261 377 3314 et
388 3248 589 3335 colloquiis,
626 3246 681 3315 sed
705 3248 832 3338 scriptis
856 3230 1006 3315 contudit
1030 3242 1172 3326 (Euseb.
1278 3274 1282 3283 ν

103 3353 185 3423 h..e
200 3354 267 3437 Vl,
289 3346 357 3435 383
389 3337 1073 3431 Theodoreetraer.fabul.11,7:nava
1094 3336 1172 3412 οαιί-

103 3479 162 3535 'ms
178 3452 239 3536 'fils
251 3453 400 3545 αἶρὲσξϋς
410 3444 570 3542 stetisses
583 3453 655 3519 ουνέ
657 3447 782 3541 γραψιν
801 3440 947 3532 οἷίιηθιῖίς
970 3450 1014 3517 cf.
1028 3443 1171 3534 Niceph.

104 3560 158 3641 V,
188 3556 270 3641 24).
317 3556 444 3627 ,Etiam
468 3554 510 3619 ad
536 3554 729 3643 Philippum
751 3555 904 3625 Arabem
931 3550 1173 3641 imperatorem

105 3659 213 3749 („qui
229 3657 359 3747 primus
378 3656 421 3723 de
442 3656 576 3746 regibus
590 3659 751 3726 Romania
766 3658 966 3727 Christianus
987 3651 1096 3729 fuit,⁸‘
1121 3661 1174 3713 at-

105 3762 227 3851 quein
247 3760 343 3827 cuius
363 3759 557 3846 religionem
574 3760 697 3828 Decius
714 3763 843 3844 saeviit,
869 3765 944 3828 telle
959 3759 1173 3838 Hieronymo

105 3863 203 3931 catal.
222 3862 246 3929 l.
262 3861 327 3943 l)
358 3861 495 3950 eiusque
515 3862 691 3952 coniugem
714 3863 777 3945 (de
794 3864 953 3932 sententia
968 3851 1173 3941 Hieronymi

104 3967 167 4034 tl.
185 3964 357 4044 matrem)
379 3965 504 4032 litteras
525 3965 688 4055 Origenes
704 3967 829 4055 scripsit
852 3962 993 4047 (Euseb.
1004 3957 1046 4021 -·h
1064 3978 1093 4022 e
1112 3956 1174 4034 Vl,

47 4142 51 4155 ,
105 4064 189 4150 56).
237 4068 341 4137 Nova
363 4082 482 4157 erupta
499 4058 728 4157 persecutione
748 4069 809 4135 sub
829 4069 935 4137 Decio
956 4059 1118 4147 Origenes
1137 4054 1174 4121 in

107 4192 281 4239 arcerem
294 4168 437 4237 deiectus
454 4170 649 4258 graviffimis
662 4170 830 4260 suppliciis
848 4182 956 4293 tortup
967 4168 1020 4233 est.
1072 4161 1107 4227 Si
1122 4171 1173 4227 to-

107 4293 187 4343 cum
209 4272 421 4363 reputaveris
445 4271 584 4356 (Euseb.
601 4273 683 4344 lae.
703 4276 771 4360 Vl,
795 4275 882 4368 39),
913 4264 962 4340 οίνι
983 4295 1022 4338 τι
1043 4289 1095 4341 sar
1089 4252 1196 4373 ὅσοι.
