2572 4770
103 354 108 363 ,
139 283 215 351 276
462 269 549 363 Cup.
575 268 646 338 ΙΙΙ.
696 264 928 360 Dogmotr'cu.

138 460 212 523 loco
229 461 443 540 quaeruntur,
469 448 525 513 sed
544 447 664 535 ubique
683 445 812 529 adsunt,
841 426 949 535 neque
970 447 1012 511 eb
1031 446 1154 513 inserui
1172 446 1241 513 locis

140 565 332 632 evocentur,
352 549 407 615 sed
421 561 529 614 mente
540 549 605 612 sole
617 551 844 635 intelsectuque
857 548 1034 634 cupiuntur.
1045 552 1084 631 ‚,)
1181 566 1184 571 ·
1234 582 1238 589 ·

224 652 425 730 Ecclesia,
452 652 594 736 quaeest
611 643 645 713 ἐν
660 641 782 737 ἑκάστῃ
795 639 897 712 πόλει
914 635 998 711 ὅλλο
1010 642 1240 734 ademptum-

140 751 276 847 cpc'dog,
308 749 447 816 κτισθὲν
465 741 554 834 λόγῳ
576 749 663 813 θεοῦ
667 794 679 826 ,
709 741 731 836 ἡ
751 746 836 813 κατὰ
854 744 939 813 θεὸν
958 746 1084 835 πατρὶς
1102 752 1147 830 (c.
1170 748 1239 815 cess

141 855 235 936 vm,
253 867 304 921 75.
325 877 358 941 p.
374 855 468 932 798),
496 849 646 936 „duplex
660 851 720 929 est,
749 849 945 931 congregetis
956 849 991 912 in
1006 848 1241 927 unundsenctir,

141 960 243 1025 ultera
254 956 443 1031 hominum,
465 953 564 1014 ultera
578 950 789 1033 angelorum”
804 947 861 1030 (de
874 962 952 1019 oret.
970 961 988 1016 a
995 964 1020 1016 1,
1040 952 1108 1015 vol.
1122 950 1150 1030 1,
1164 956 1240 1031 269).

141 1057 256 1145 „Tetu
276 1054 340 1119 Dei
355 1053 492 1137 {ecclesie
512 1054 557 1115 est
576 1050 690 1117 Christi
712 1070 865 1137 corpure
885 1048 1035 1141 Deilsrlio
1054 1052 1240 1132 animatum

142 1160 290 1226 membre
319 1166 428 1218 eutem
461 1152 537 1215 illue
568 1150 708 1238 corporis
735 1146 810 1213 sunt
836 1150 965 1231 omnes,
1007 1152 1065 1238 qui
1091 1152 1240 1217 credunt”

141 1264 187 1343 (c.
202 1257 281 1323 Cels.
292 1239 353 1335 VI,
368 1261 418 1319 48.
440 1275 471 1338 p.
485 1256 572 1332 670).
598 1300 606 1317 .
656 1251 795 1316 Ecclesia
812 1252 982 1332 terrestris,
1008 1252 1122 1316 divine
1136 1255 1243 1319 virtute

141 1363 331 1434 sustentata,
366 1353 515 1418 omnibus
532 1353 596 1416 suis
619 1352 761 1415 hostibus
780 1353 922 1437 superior
941 1356 988 1416 est
1006 1357 1049 1433 (c.
1073 1352 1155 1419 Cels.
1175 1356 1200 1437 l,
1217 1367 1242 1422 t.

141 1482 177 1549 p.
194 1468 272 1536 8233
301 1468 352 1523 27.
374 1477 406 1541 p.
425 1456 513 1533 345).
567 1451 608 1516 In
625 1452 748 1516 senctic-
761 1451 918 1539 scripturis
938 1453 1036 1516 habet
1053 1456 1245 1523 aedificatio·

142 1579 222 1631 nem
241 1560 307 1639 (ep.
323 1552 365 1617 ud
376 1554 521 1618 Atticen.
541 1557 565 1638 ξ.
579 1559 610 1617 t.
628 1554 694 1616 vol.
706 1550 733 1631 I,
753 1557 818 1633 16).
867 1551 984 1617 Omnis
1000 1560 1130 1635 generis
1144 1562 1245 1625 homi.

141 1680 203 1724 nee
217 1668 371 1721 vocantur
392 1651 426 1717 in
441 1656 622 1734 ecclesiam,
649 1674 716 1715 non
727 1654 787 1716 soli
797 1654 972 1739 simplices,
994 1655 1162 1727 sedetiam
1176 1683 1245 1725 eru-

86 1754 89 1759 ’
143 1756 277 1829 ditiores
293 1754 396 1841 (ζητῷ
410 1749 474 1841 γὰρ
485 1751 614 1836 μᾶλλον
627 1748 707 1828 τοὺς
719 1744 986 1840 ἔπριχισιέρους
998 1757 1056 1821 καὶ
1068 1750 1243 1849 ὀξυτέρους,

144 1847 194 1934 ὥς
214 1852 415 1938 δυναμένους
437 1851 744 1942 παρακολουθῆσαι
761 1853 804 1942 τῇ
823 1851 991 1944 σαφαυιίςι
1010 1858 1079 1923 τῶν
1097 1856 1244 1947 αἰοιγμᾶ-
1282 1890 1285 1895 ·

144 1975 214 2024 σωκ
233 1955 291 2021 καὶ
309 1955 374 2019 τῶν
388 1947 465 2037 μετ’
482 1948 703 2041 ἐπικρύψεως
722 1946 905 2039 εἰρημένων
924 1949 959 2020 λυ
975 1949 1068 2045 νόμῳ
1089 1962 1147 2027 καὶ
1164 1983 1244 2049 σιρο-

143 2048 272 2145 φήταις
291 2051 349 2121 καὶ
368 2048 573 2140 εὐαγγελίοις
591 2088 634 2102 -
653 2075 680 2116 c.
694 2053 772 2118 Cels
787 2053 847 2134 111,
869 2063 918 2122 74.
939 2079 970 2144 p.
987 2064 1180 2141 496);=non
1194 2065 1244 2128 soli

24 2212 30 2221 ,
140 2158 252 2248 probi,
274 2154 328 2219 sed
342 2157 440 2219 etiam
447 2156 594 2240 improbi.
634 2156 888 2233 „Verumtamen
901 2158 925 2220 si
937 2180 999 2244 que
1010 2182 1069 2245 par
1083 2166 1131 2227 est
1143 2167 1245 2252 eequi-

143 2269 210 2323 tute
235 2268 343 2320 coctus
366 2257 471 2318 noster
492 2252 722 2334 consideretur,
748 2258 859 2341 plures
876 2259 921 2322 ibi
943 2259 1053 2325 videre
1071 2267 1137 2346 est,
1163 2268 1246 2355 quic

142 2358 213 2423 -vite
235 2376 301 2419 uon
321 2352 497 2416 admodum
509 2351 705 2433 inordinate,
733 2378 830 2442 quum
845 2359 902 2445 qui
913 2381 932 2424 ιι
945 2360 1100 2444 flagitiose
1115 2368 1247 2432 convers

144 2456 277 2522 suerint.
318 2453 371 2518 Sic
386 2453 474 2515 enim
486 2464 599 2514 nutura
612 2468 830 2538 comparatum
843 2462 905 2541 est,
926 2475 978 2544 ut,
1002 2465 1060 2552 qui
1079 2468 1168 2533 vitae
1182 2492 1248 2535 me-

142 2558 210 2627 lius
226 2567 315 2620 actae
334 2553 392 2618 sibi
413 2549 527 2615 conscii
546 2552 634 2630 sunt,
662 2573 735 2616 cum
758 2559 888 2643 cupient
902 2582 979 2626 reru
1001 2567 1084 2647 esse,
1112 2591 1195 2657 quae
1213 2570 1248 2635 de

57 2703 59 2707 -
143 2654 293 2731 mercede
310 2653 415 2718 eDco
434 2651 527 2717 bonis
539 2651 708 2716 tribuenda
721 2658 961 2743 praedicantur,
978 2672 1162 2755 promptius
1173 2694 1249 2737 con-

143 2761 271 2827 sensum
294 2753 386 2818 dictis
405 2754 595 2840 proebeant,
633 2776 731 2841 quum
754 2759 811 2845 qui
835 2763 966 2826 omnino
988 2769 1075 2833 mele
1096 2773 1249 2855 vixerint,

145 2862 208 2925 hoc
229 2876 368 2942 numque
388 2854 575 2918 conscientie
599 2852 753 2938 deterret,
780 2863 954 2946 quominus
973 2865 1148 2937 admittent
1165 2878 1198 2940 se
1214 2878 1248 2939 th

146 2959 295 3026 omnium
311 2954 417 3035 judice
436 2955 586 3020 effectum
605 2955 645 3018 iri
662 2959 840 3045 suppliciis,
868 2985 951 3049 quae
972 2969 1086 3035 ulium
1104 2976 1251 3041 scelerum

145 3060 211 3125 reio
229 3057 332 3138 infligi
354 3054 463 3137 decet,
493 3069 526 3119 et
546 3077 628 3142 quoe
646 3061 726 3138 juste
747 3060 788 3125 de
810 3066 901 3127 ceusu
924 3066 1064 3133 intentet
1089 3074 1251 3162 supremo·

145 3157 256 3242 judex.
299 3156 387 3237 Quin
395 3169 428 3220 et
436 3155 609 3244 aliquando
623 3159 791 3243 contingit,
807 3174 844 3225 ut
854 3166 944 3251 pravi
955 3168 1121 3257 homines,
1135 3180 1250 3245 edunt

132 3264 203 3351 'spe
219 3260 335 3325 veniae
352 3259 550 3346 poenitentia
570 3258 762 3325 obtinendae
780 3266 902 3329 vellent
918 3269 959 3333 iis
980 3294 1064 3358 quoe
1087 3276 1132 3341 de
1144 3258 1250 3367 poenit

147 3362 298 3429 dicuntur
320 3359 474 3437 assentiri,
511 3369 619 3422 temen
645 3362 795 3445 peccandi
815 3370 1041 3439 consuetudine
1059 3388 1094 3440 et
1114 3383 1251 3469 nequitie

146 3464 239 3530 tincti
253 3461 381 3549 penitus
396 3471 428 3522 et
441 3459 574 3538 imbuti,
595 3458 638 3521 ad
654 3462 753 3527 vitem
767 3466 941 3552 sapientem
956 3485 1127 3565 rectaeque
1142 3482 1252 3547 rationi

149 3565 399 3630 consentaneam·
413 3560 491 3622 eniti
511 3560 570 3622 nisi
588 3558 721 3626 difficile
734 3586 800 3647 non
811 3571 928 3653 possint
935 3566 955 3604 ’¹
975 3578 1016 3655 (c.
1032 3577 1113 3644 Cels.
1127 3580 1190 3664 111,
1205 3594 1249 3650 65.

149 3688 181 3756 p.
197 3668 285 3744 490).
319 3660 460 3735 ¹Scilicet
477 3661 614 3748 improbi
632 3664 695 3727 esse
713 3664 749 3726 in
762 3669 890 3733 ecclesia
904 3669 1048 3741 desinunt
1061 3686 1188 3748 necesse
1201 3686 1249 3763 cn,

42 3792 46 3803 ¹
150 3787 224 3830 cum
241 3762 396 3847 „ecclesia
411 3760 538 3847 proprie
552 3760 632 3825 dicto
652 3752 688 3851 (ἦ
702 3760 825 3852 κυρίως
836 3764 1011 3857 ἐκκλησία)
1027 3792 1087 3845 nec
1098 3786 1249 3851 maculam

150 3869 285 3945 hebent,
313 3883 418 3949 neque
433 3882 544 3941 rugam
560 3877 614 3926 eut
628 3864 705 3951 quid
719 3869 837 3950 limile,
857 3871 912 3936 sed
927 3879 1031 3942 sancto
1042 3882 1082 3945 ot
1100 3898 1135 3949 et
1148 3888 1248 3951 incus·

150 3966 268 4055 pabilie
287 3951 481 4050 (dpup09)⁷'
501 3960 556 4040 (de
575 3955 955 4058 orut.20.'vol.1,1229).
999 3977 1181 4060 (Internum
1196 4006 1247 4051 ec-

153 4068 279 4129 clesiam
297 4064 446 4143 intelligit
465 4064 570 4127 noster
587 4068 686 4131 etium
698 4071 787 4136 hom.
803 4071 862 4156 ΙΙΙ,
879 4079 947 4166 ὅσα
959 4078 1021 4143 Jos.
1044 4086 1112 4148 vol.
1124 4085 1167 4168 11,
1179 4092 1243 4163 sos,

151 4166 271 4252 quippe
292 4184 376 4253 queo
401 4164 521 4231 uitetur
545 4166 697 4250 sanguine
718 4172 850 4258 Christi,
880 4189 918 4253 ‚et
937 4178 983 4244 ite
1001 4182 1137 4270 quidem
1157 4189 1189 4253 h.
1208 4186 1243 4250 λι
