2572 4770
129 248 204 316 880
455 234 543 325 Cap·
569 233 638 301 111.
690 226 921 321 Dogmatica.
1006 172 1010 195 Ι

130 442 192 504 geo
214 416 282 482 und
304 440 344 481 zu
367 413 597 493 verhiichtigen
619 410 731 489 strebt,
762 404 904 470 dadurch
927 404 962 466 in
986 402 1043 467 ein
1064 400 1240 466 bodenlosea

130 520 201 585 und
219 522 359 581 unstiitee
373 516 579 579 Sclrw'annen
596 510 723 589 gerdtb,
750 511 823 571 statt
838 505 909 584 die,
936 506 992 567 fiir
1005 502 1063 567 die
1078 507 1176 567 blosee
1193 504 1241 565 in·

131 622 305 685 halteleerc
320 615 416 695 Idne,
447 615 499 676 die
517 613 665 674 kernlnse
679 610 812 686 sehale,
837 628 902 669 von
916 604 995 667 dem
1010 606 1240 669 Christenthnur

131 722 186 784 ihr
205 719 416 797 dargebotene
429 713 662 781 Wirklichkeit
679 708 846 790 demiithig
860 709 1093 771 anzunehmen
1109 703 1179 767 und
1191 706 1242 766 srch
1268 780 1274 799 ι

133 820 367 901 anzneignen)3
396 819 435 877 alr
455 816 552 877 altera
574 813 661 874 euim
678 822 768 897 parte
782 810 933 874 videmur
955 812 1123 872 crassiores
1141 807 1242 869 chilia-

71 960 77 981 ,
134 924 197 985 stae
214 920 330 999 (veluti
345 918 511 1003 Papiam),
536 918 576 977 ab
593 915 690 975 altera
710 912 872 991 gnosticos.
924 908 1071 975 Gnostici
1090 906 1144 987 id,
1172 903 1244 993 qnod

134 1024 173 1087 in
188 1021 354 1083 chrihiann
376 1019 531 1097 religione
550 1015 664 1077 intima
684 1012 807 1074 ratione
826 1014 953 1074 unitum
975 1012 1042 1073 esse
1062 1007 1178 1088 debet,
1203 1009 1244 1068 se-

134 1123 306 1209 parabant,
341 1116 581 1203 prehendebaut
609 1112 717 1175 ideam
742 1114 808 1174 sine
828 1114 973 1191 historia,
1017 1109 1171 1171 divinum
1192 1108 1244 1170 fine

137 1225 299 1297 humano,
333 1219 636 1303 contemplationem
661 1218 811 1301 (excepto
831 1215 947 1275 scilicet
966 1210 1160 1292 llsarcione3
1191 1207 1244 1271 rid.
1282 1264 1285 1279 ,

136 1320 260 1391 Neand.
273 1319 386 1383 Genet.
397 1318 504 1380 Entw.
519 1314 549 1379 d.
566 1318 664 1395 gnost.
676 1316 757 1397 Syst.
778 1340 809 1402 p.
826 1319 901 1394 276)
916 1314 982 1377 stne
995 1313 1086 1392 vita,
1112 1324 1147 1374 et
1158 1332 1248 1374 erau-

139 1423 259 1504 gelinm
275 1419 388 1483 Christi
410 1418 628 1501 philosophiae
648 1419 721 1480 suae
739 1418 937 1497 subjicientes
957 1412 1000 1476 de
1022 1420 1166 1499 ejusque
1180 1415 1250 1476 scitis

138 1528 330 1605 figurantes,
363 1516 482 1601 γνῶσιν
497 1513 562 1578 τῶν
580 1518 809 1600 πνευματικῶν
829 1517 1037 1603 opponebant
1057 1510 1180 1579 πίστει
1196 1512 1251 1577 τῶν

139 1621 275 1686 πολλῶν
288 1615 480 1697 (ψυχικῶν).
523 1616 678 1682 Basilides
693 1617 823 1705 quidem
832 1616 929 1679 fidem
944 1616 1059 1677 habuit
1074 1638 1137 1702 pro
1150 1618 1252 1702 supre-

138 1745 194 1787 ma
214 1721 411 1801 cognitione,
438 1737 542 1803 neque
564 1738 636 1780 eam
657 1720 746 1800 gnosr
760 1719 906 1797 subjecit,
933 1716 1074 1778 minime
1093 1737 1175 1779 vero
1191 1736 1253 1778 cam
1279 1704 1285 1729 ¹

138 1822 239 1889 sidem
252 1820 429 1896 intellexit,
451 1820 579 1904 qualem
594 1819 712 1884 Paulus
727 1821 885 1905 apostolus
900 1816 1115 1879 courmeudat
1131 1830 1165 1879 et
1176 1819 1252 1879 chri-

139 1924 259 1989 stianae
300 1919 464 1997 religionis
502 1930 613 1982 natura
654 1922 789 2006 postulat
829 1916 991 2000 (Neandri
1034 1922 1143 1999 gnost.
1182 1919 1251 2001 syn
1283 1927 1285 1937 '

139 2048 174 2113 p.
191 2026 307 2109 56sq.).
351 2020 518 2085 Gnosticae
534 2033 640 2083 autem
654 2020 859 2107 theosophiae
878 2020 1047 2082 veritatem
1062 2020 1253 2084 Valentinus
1285 2069 1286 2073 ,

140 2125 224 2190 adeo
238 2126 296 2187 libi
311 2124 489 2209 persuasam
500 2124 629 2202 habuit,
650 2137 686 2185 ut
698 2118 834 2203 (Neand.
849 2124 946 2204 guast.
960 2120 1042 2203 Syst.
1062 2144 1098 2206 p.
1114 2128 1191 2203 137)
1202 2122 1252 2185 Je-

140 2231 210 2292 sum
230 2226 404 2310 appellaret
420 2226 554 2286 ascetum
567 2226 828 2309 perfectissimum
840 2234 872 2286 et
885 2222 1106 2307 theosophum
1122 2224 1253 2284 inarime

21 2344 26 2375 ³
140 2328 319 2392 sublimem.
369 2323 468 2385 Recta
489 2327 634 2405 gnosticis
649 2325 893 2389 adversabantur
911 2324 1080 2386 crassiores
1101 2326 1252 2389 chiliastae

141 2433 230 2510 (cum
251 2426 481 2505 montanistis),
516 2429 627 2489 literae
645 2428 814 2511 scripturae
835 2428 857 2488 s.
879 2418 1091 2489 adhaerendo
1118 2428 1253 2513 spiritum

138 2526 230 2592 hand
251 2548 321 2588 raro
339 2526 547 2603 negligentes.
596 2527 720 2588 Horum
740 2528 908 2613 praecipua
929 2526 1093 2613 principia
1112 2524 1274 2591 Alexan-

141 2626 307 2691 drinorum
330 2627 401 2687 aeri
425 2628 528 2705 (sensu
549 2626 708 2707 strictiori)
729 2626 938 2713 occidentales
951 2624 1123 2708 doctores,
1146 2631 1254 2717 impri-

139 2730 204 2795 mis
218 2727 387 2808 henaena,
409 2747 451 2790 ex
463 2728 566 2790 schola
581 2726 676 2791 Asiae
692 2730 826 2791 minoris
838 2729 1015 2813 profectus,
1037 2728 1254 2794 Tertullianus

142 2830 341 2918 (pracsertim
364 2842 513 2913 tanquam
534 2826 740 2913 hsoataniha)
764 2843 800 2894 et
822 2828 1016 2915 Cyprianus,
1052 2832 1147 2917 iique
1168 2834 1253 2895 ambo

141 2934 283 2995 scholam
310 2929 440 2993 Africae
466 2930 721 3014 septentrionalis
745 2929 1041 3014 Carthaginiensem
1069 2936 1278 3020 repraesen-²

141 3042 263 3109 tentes,
286 3034 340 3095 sua
353 3029 547 3111 reddebant,
561 3042 656 3119 atque
665 3034 689 3095 ii
699 3032 829 3119 quidem
840 3035 1041 3101 excellebant
1056 3034 1184 3097 eximio
1194 3034 1254 3096 sta-
1274 3060 1279 3112 j

142 3132 214 3211 dio,
242 3134 461 3218 (pleramque)
485 3133 636 3213 neglectis
656 3147 689 3197 et
707 3133 881 3220 repudiatis
900 3134 1133 3221 philosophicis
1148 3137 1254 3219 specu-

141 3232 324 3311 sationibus,
344 3230 492 3313 dogmata
504 3234 668 3297 christiana
683 3233 832 3298 advitam
848 3234 1013 3298 christiane
1027 3232 1253 3297 instituendam

142 3330 327 3396 adhibendi.
375 3333 611 3415 Tertullianus,
639 3356 820 3422 quanquam
839 3335 950 3420 etipse
965 3334 1133 3397 interdum
1149 3336 1253 3399 Plato-

142 3435 230 3498 tricas
251 3434 398 3499 notiones
415 3437 587 3518 immiscet,
617 3448 725 3499 tamen
738 3434 985 3523 haudquaquam
999 3436 1034 3498 in
1048 3438 1172 3498 bonam
1183 3456 1252 3522 par-

141 3548 210 3598 tem
235 3524 355 3612 judicas
378 3536 418 3600 de
437 3536 566 3600 Socrate
591 3535 647 3615 (dc
677 3538 784 3600 anima
809 3552 905 3615 c.1.,
940 3538 1101 3623 apologet.
1131 3560 1159 3601 c.
1180 3541 1252 3617 sti),

74 3636 77 3641 ’
141 3636 311 3701 Platonem
333 3638 508 3715 „omniurn
524 3638 757 3701 haereticorum
778 3635 1093 3701 condimentarium'’
1114 3636 1173 3717 (de
1186 3636 1252 3701 aniss

143 3758 197 3800 ma
217 3759 245 3797 c.
260 3740 328 3816 23.)
349 3756 526 3825 omnesque
546 3739 679 3802 omnino
699 3738 905 3824 philosophos
922 3739 1120 3824 patriarchae
1138 3740 1252 3803 haere·

143 3838 280 3899 acorum
302 3839 441 3924 appellat
460 3838 519 3918 (ib.
539 3861 566 3903 c.
582 3843 645 3920 3.),
673 3840 751 3901 nihil
768 3840 892 3902 homini
906 3840 1077 3904 christiano
1089 3862 1165 3903 curn
1180 3840 1252 3905 I’la-

142 3950 219 4003 tane
232 3959 401 4002 commune
417 3940 480 4003 esse
494 3937 610 4004 dehere
623 3942 730 4002 hatuit
742 3938 797 4018 (de
809 3942 941 4025 praescr.
955 3940 1045 4002 liner.
1067 3963 1094 4002 c.
1115 3953 1166 4021 7.;
1185 3938 1251 4003 adr.

142 4036 296 4103 Marcion.
319 4042 373 4103 lih.
387 4041 429 4104 V.
452 4063 479 4103 c.
498 4046 581 4120 tta),
616 4054 839 4121 argmnentam
859 4061 917 4124 pro
938 4042 1074 4103 veritate
1094 4042 1251 4122 religionis

43 4222 46 4227 Ι
145 4141 332 4208 christiam
359 4138 586 4231 depromptum
614 4163 657 4207 ex
685 4146 755 4225 ejne
779 4144 928 4208 consensu
953 4160 1027 4205 curn
1055 4140 1248 4228 philosophia

69 4308 120 4515 l
220 4516 227 4525 ,
