2572 4770
415 356 613 463 ....45
659 360 761 417 ..·...

57 556 178 601 ornnes
187 531 286 622 ipfiue
298 526 387 601 libri.
427 530 621 614 Hielludiie‚
645 482 966 621 illieviriedueibue,
985 534 1029 605 td
1042 558 1122 608 em

11 692 14 705 .
56 635 301 728 philosophiam
315 633 581 724 theologiamque
598 635 753 724 Origenie
765 639 932 726 pervenit,
955 662 1042 731 quae
1053 662 1132 735 uoq

10 788 15 837 ι
57 738 251 809 mensuum
265 738 594 821 licentiosissimum,
616 752 729 806 tamen
743 740 954 809 olarillimum
967 740 1121 811 reddidit.

58 844 169 923 Peter,
190 840 233 906 de
245 840 306 906 filii
319 841 405 913 bona
421 841 531 907 indole
542 836 671 928 ga‘visus
684 842 821 931 eiusque
833 846 1041 931 quaestiones,
1055 866 1120 913 re-

59 945 117 1012 luti
132 965 303 1031 quaenam
319 947 359 1010 fit
374 943 543 1025 saetarum
563 945 748 1011 litterarum
764 965 785 1009 a
799 946 874 1011 Deo
886 945 1119 1034 inspiraturarn
1139 1006 1142 1011 ,

10 1090 12 1095 -
57 1046 233 1119 sententie,
254 1044 518 1128 valdemiratue,
541 1068 619 1113 eum
634 1059 791 1135 tanquam
808 1046 1015 1115 domicilium
1026 1049 1127 1145 spiri-a

10 1180 12 1205 ι
58 1149 104 1225 tui
118 1148 236 1215 saneto
252 1148 399 1215 dicatum
413 1148 604 1233 intuebatur¹
616 1149 756 1229 (Euseb.
772 1149 843 1216 he.
859 1151 920 1232 Vl,
932 1150 992 1232 2.).
1025 1148 1124 1218 Libri
1189 1162 1212 1220 ’.

10 1290 14 1299 ·
59 1251 117 1319 Vl·
132 1251 246 1338 eapite
261 1274 294 1316 2.
306 1251 468 1317 Eusebius
486 1252 571 1318 haee
581 1265 754 1341 praeterea
771 1252 811 1317 de
826 1252 974 1341 Origene
990 1264 1123 1320 narrate

11 1344 14 1353 ¹
57 1355 95 1421 lo
112 1352 346 1441 persecutione
365 1353 544 1421 Severiana
563 1355 825 1421 adolescentulus
841 1354 1020 1443 Origenes,
1047 1353 1122 1443 sep·

59 1458 126 1523 terit
139 1468 173 1522 et
185 1454 303 1521 decem
315 1476 420 1521 annon
432 1471 530 1524 natue
542 1455 757 1537 (of.Hieron.
770 1457 865 1523 catal.
882 1478 911 1525 c.
920 1454 1005 1540 54),
1027 1470 1123 1529 tanto

60 1578 208 1623 coronae
228 1557 388 1644 martyris
404 1559 651 1648 consequendae
673 1561 774 1627 studio
795 1564 889 1642 arsit,
928 1571 967 1626 ut
984 1572 1122 1648 accepto
1228 1584 1232 1599 ·

58 1659 197 1740 nuntio,
228 1659 414 1725 Leonidam
425 1675 554 1748 patrem
569 1663 603 1727 in
617 1684 753 1728 carcere
765 1663 888 1740 teneri,
913 1684 1022 1749 neque
1034 1661 1123 1726 ami·
1165 1660 1167 1665 ’

60 1783 199 1842 eorum,
223 1782 333 1847 neque
344 1764 459 1828 matris
474 1762 776 1842 adhortationibus,
798 1764 926 1830 nonnisi
940 1786 999 1846 eo,
1030 1759 1122 1852 quod

63 1878 172 1930 nater
191 1862 434 1928 adolescentulo
453 1867 641 1932 vestimenta
657 1867 836 1947 adimeret,
871 1889 937 1953 quo
958 1868 1069 1932 minue
1087 1863 1124 1931 se
1215 1934 1218 1939 ,
1272 1942 1277 1949 ¹

61 1966 235 2033 victimam
252 1965 441 2052 praeberet,
474 1966 645 2053 prohiberi
664 1969 777 2053 pollet.
830 1970 921 2035 'sum
935 1968 976 2030 ad
992 1980 1124 2054 patrem

63 2068 206 2155 scripsit:
225 2058 369 2152 Ἐπεχε,
392 2056 439 2153 μ»)
451 2060 489 2131 δι’
501 2065 584 2153 ἡμᾶς
595 2056 675 2131 ἄλλο
688 2094 722 2134 τι
740 2059 902 2163 φρονήσῃς.
925 2068 1025 2132 Patre
1037 2086 1125 2154 pau-

65 2170 99 2236 lo
120 2171 191 2259 poll
210 2169 368 2256 martyria
385 2180 495 2233 morte
515 2166 673 2234 desuncto
701 2167 768 2245 (cf.
788 2165 909 2234 Euseb.
930 2166 1058 2235 Chron.
1076 2167 1125 2248 Π,

68 2267 190 2362 295),
218 2268 323 2335 orbus
334 2292 438 2334 annos
452 2269 575 2365 septem
598 2283 629 2337 et
645 2271 759 2336 decem
782 2282 879 2338 natue
900 2269 965 2349 (el.
981 2270 1125 2337 Hieron.
1262 2260 1265 2267 ¹

68 2372 162 2438 mut
175 2395 205 2437 c.
215 2364 312 2456 54),
337 2393 414 2437 curn
430 2385 538 2439 matre
550 2384 583 2439 et
594 2373 651 2438 sex
668 2371 829 2440 fratribus
843 2386 923 2439 natu
936 2370 1129 2439 minoribus

66 2495 248 2541 aerumnae
266 2473 357 2539 initio
373 2479 537 2561 expositus
554 2462 635 2555 fuit,
666 2475 720 2539 sed
739 2496 851 2540 moxa
868 2488 1127 2564 matronaque·

67 2577 144 2642 dem
158 2576 309 2641 ditiffima
322 2590 498 2664 exceptus,
522 2577 637 2643 litteris
650 2577 732 2641 adeo
747 2600 883 2665 operam
899 2579 1036 2644 navavit
1058 2572 1125 2664 (cs.

67 2676 189 2749 Euseb.
202 2678 329 2761 Chron.
341 2678 365 2745 l.
379 2679 444 2760 1.),
474 2690 512 2744 ut
527 2680 653 2745 victum
667 2702 706 2744 eo
719 2679 777 2746 lib'i
788 2679 1006 2747 sufficientem
1022 2699 1127 2768 para-

66 2795 129 2849 ret.
178 2781 267 2847 Cum
284 2779 407 2875 Paulo,
433 2779 570 2846 homine
589 2770 773 2862 haeretico,
805 2782 863 2870 qui
885 2783 974 2870 apud
996 2793 1126 2847 matro-

67 2904 147 2950 nam
158 2882 248 2949 islam
267 2880 477 2963 versabatur,
504 2906 578 2949 rem
594 2906 662 2949 non
682 2882 813 2963 habuit,
842 2907 953 2972 neque
974 2904 1128 2973 unquam

69 3007 147 3051 cum
168 2983 236 3050 hoo
258 2984 313 3050 tali
334 2983 471 3051 homine
491 2985 533 3050 ad
551 2986 665 3051 Deum
684 3000 839 3074 precatus
863 2986 930 3052 iarn
949 2984 993 3048 ab
1012 2985 1127 3051 adole-

67 3088 190 3155 scentia
227 3085 446 3152 orthodoxiae
481 3087 660 3176 specimina
699 3087 856 3175 praebuit
885 3087 1125 3152 dilucidissime.

66 3190 242 3257 Hactenus
255 3187 416 3256 Eusebiae
428 3189 462 3255 h.
475 3213 505 3255 e.
528 3192 594 3271 Vl,
609 3214 642 3256 2.
669 3182 731 3275 (cf.
744 3188 927 3277 Nicephori
942 3188 976 3254 h.
988 3213 1016 3255 e.
1035 3190 1077 3269 V,
1091 3185 1125 3253 ὅ.
1182 3246 1187 3265 ,

66 3291 130 3376 4.).
182 3292 283 3360 'l'uno
302 3291 462 3379 temporie
480 3288 622 3372 (Euseb.
640 3285 871 3373 h.e.v1,3.)
893 3290 1128 3377 persecutionis

67 3407 162 3461 metu
184 3395 286 3459 nem'o
307 3390 528 3459 catecheticae
549 3392 678 3458 scholae
697 3391 885 3478 preelectus
908 3382 1021 3475 affuit,
1047 3414 1128 3459 curn
1170 3426 1175 3436 =

66 3495 275 3577 adolescens,
297 3494 523 3581 duodeviginti
536 3517 642 3560 annos
657 3507 764 3576 natue,
788 3493 866 3559 huie
881 3492 1012 3560 scholae
1027 3496 1130 3587 prae-

67 3599 131 3665 effe
152 3598 267 3687 eoepit
293 3595 359 3676 (cs.
373 3598 576 3686 Hieronym.
597 3596 692 3666 catal.
712 3618 740 3661 c.
757 3594 854 3681 54),
888 3610 920 3664 et
942 3609 1033 3664 tanto
1052 3595 1130 3683 qui-

68 3700 145 3767 dem
163 3699 286 3778 tudio,
309 3711 347 3765 ut
362 3699 459 3767 etiam
474 3699 611 3786 gentiles
623 3697 818 3765 adolescenti
832 3696 999 3765 auditores
1012 3695 1131 3762 asside-

68 3816 145 3869 rent
163 3800 292 3882 (veluti
305 3800 505 3867 Plutarchus
523 3814 556 3868 et
565 3795 765 3886 Heraclea),
795 3814 895 3887 atque
908 3800 1003 3867 multi
1015 3799 1057 3864 ad
1073 3792 1132 3863 ie-
1151 3832 1154 3837 ·

68 3904 227 3992 ligionem
254 3900 460 3969 christianam
486 3914 772 3983 converterentur,
826 3900 1035 3991 Martyribue
1051 3899 1130 3969 suae

68 4006 168 4097 ipsine
186 4006 278 4073 ritae
294 4004 482 4072 discrimine
499 4026 716 4093 quaecunque
733 4005 889 4091 praestitit
901 4003 1029 4083 officia,
1061 4026 1131 4092 quo

70 4106 162 4176 secto
183 4121 218 4175 et
234 4104 280 4171 ob
293 4106 540 4173 multitudinem
558 4128 691 4187 eorum,
714 4108 774 4193 qui
787 4106 901 4171 sacrae
912 4103 989 4170 fidei
1004 4104 1132 4173 doctri-

20 4238 27 4273 :
72 4228 151 4281 utor
165 4209 210 4279 ab
223 4207 296 4298 ipso
307 4207 549 4297 percipiebant,
579 4204 713 4296 plebem
727 4207 892 4274 ethnicam
907 4218 999 4273 tanto
1011 4204 1131 4277 lurore

72 4311 233 4398 incendit,
263 4322 303 4381 ut
325 4309 424 4400 ipsae
439 4310 646 4381 domicilium
659 4331 680 4377 a
691 4308 849 4379 militibus
863 4309 1130 4382 circumderunt
