2572 4770
131 243 207 315 sst
457 234 544 328 cap.
569 234 641 313 nr.
690 231 921 327 negassem.
966 192 969 199 ’

131 421 215 485 tion.
231 416 291 495 ΙΙΙ,
309 430 337 483 8.
355 428 426 494 20-,1
442 414 483 479 de
502 436 597 479 carne
608 414 722 480 Christi
739 437 767 477 c.
783 420 812 479 s.
832 422 880 490 a',
905 413 979 477 aliis
1000 411 1094 485 loris·
1108 411 1242 494 (lisand

131 520 265 598 Antign.
285 541 315 602 p.
335 524 428 598 397),
458 538 582 578 necnon
593 513 820 594 IrenaeeslIL
840 528 889 581 18.
936 512 1245 594 Asecttnslaegno·

130 620 279 682 stieorunr
303 619 404 680 classis
433 616 588 679 sententia
611 627 717 701 patres
742 615 956 679 occidentales
979 618 1099 702 procul
1113 617 1245 695 absono

129 720 365 803 appropinquat
391 718 423 779 ei
448 739 526 780 vero
558 716 723 792 Clemens,
761 714 907 783 seductus
933 718 1068 783 sortasse
1095 717 1196 779 stoica
1219 728 1247 777 et

131 818 294 883 Platonica
306 809 481 891 ἀπαθείας
498 814 658 896 doctrina,
684 818 792 881 minus
805 814 978 905 Origenes,
1019 817 1165 883 -Tertiae
1179 818 1249 901 opi-

130 920 263 983 nionem
287 918 386 980 no'stri
411 938 484 978 curn
507 917 751 980 occidentalibus
774 917 1011 1003 improba'runt,
1047 938 1246 1004 quamquam

131 1018 291 1096 Origenes
309 1023 357 1097 (et
375 1030 413 1079 ut
430 1015 744 1098 uideturDidymus)
759 1009 859 1100 λόγον
877 1040 948 1080 cum
966 1017 1111 1091 homine
1126 1018 1246 1083 Christo

128 1120 260 1207 penitus
279 1124 497 1198 conjunctum,
519 1120 621 1203 'quem
632 1120 734 1204 ipsum
748 1118 913 1180 hominem
924 1119 1050 1181 factum
1061 1121 1130 1181 esse
1144 1116 1246 1181 dicere

129 1224 289 1284 moluerit.
343 1220 487 1285 Omnino
510 1230 620 1280 nutem
640 1216 796 1297 Origenes
821 1218 943 1304 primos
966 1212 1025 1282 cdv
1050 1210 1159 1302 λόγον
1187 1240 1245 1281 uon

132 1344 246 1408 corpus
263 1323 369 1383 'solum
393 1322 588 1396 huruanom,
622 1316 677 1381 se'd
700 1320 798 1381 etiem
819 1320 959 1387 animam
988 1321 1093 1403 (qnae
1114 1317 1243 1404 quiden

129 1423 295 1486 soliditate
309 1424 362 1483 sun
378 1420 507 1500 diguam
519 1422 581 1482 sese
596 1419 660 1482 hec
669 1420 891 1483 communione
904 1420 1064 1498 effecerit)
1082 1421 1243 1506 sumpsisse

130 1520 376 1600 demonstravit}
409 1520 529 1581 etenim
549 1519 700 1583 Irenaeus
724 1521 782 1599 (V,
801 1535 816 1587 t
833 1522 891 1601 al.)
912 1520 1081 1585 suetiam
1101 1522 1241 1601 animem
1275 1518 1279 1532 '

128 1624 305 1691 humanam
319 1618 439 1684 Christo
459 1623 592 1698 tribuet,
615 1619 703 1682 haud
724 1620 837 1683 diserte
850 1619 944 1700 dicit,
966 1620 1128 1687 Clemens
1144 1624 1241 1684 rrrulto

129 1724 290 1785 obscurius
311 1723 471 1808 loquitur,
507 1735 539 1784 et
556 1722 630 1783 licet
650 1719 864 1809 Tertullianus
880 1710 1145 1801 (Traducianus)
1172 1719 1241 1785 eds.

129 1822 225 1891 I’rnx.
240 1846 265 1886 c.
281 1835 331 1889 so.
345 1836 380 1886 et
392 1823 543 1885 decerne
552 1822 666 1886 Christi
679 1844 705 1885 c.
722 1835 877 1890 10-12.
893 1823 1045 1905 Origeuis
1060 1825 1240 1887 sententiae
1276 1810 1282 1879 ζ

128 1924 225 1988 valde
244 1926 491 2012 appropinquet,
517 1937 635 2005 temen.
647 1923 767 1985 furuis
785 1924 892 2009 potius
913 1926 968 2003 (cs.
991 1922 1032 1987 de
1052 1946 1155 1987 carne
1169 1928 1239 1991 ctu.
1278 1916 1282 1979 ἶ

61 2038 64 2047 “
129 2048 157 2090 e.
169 2034 197 2090 6.
209 2036 277 2103 184
296 2024 368 2089 adv.
381 2025 475 2089 Prax.
490 2049 517 2089 c.
534 2038 583 2090 16.
597 2038 669 2103 ης
690 2026 773 2110 apsel.
789 2048 815 2089 c.
830 2027 898 2104 21.)
911 2023 961 2102 id,
981 2023 1070 2111 quod
1080 2024 1239 2107 Origenes
1280 2014 1282 2025 ¹

129 2127 466 2208 (Praeexistentianus)
484 2125 739 2189 demonstret.
775 2126 890 2204 (Arios
903 2127 1069 2212 postea-
1083 2140 1121 2191 et
1132 2128 1242 2215 Apol<

126 2228 240 2291 linaris
254 2260 296 2276 -
308 2224 459 2308 Origenis
477 2226 518 2289 de
537 2229 643 2290 eninui
655 2225 768 2290 Christi
783 2228 925 2291 luuoana
939 2228 1138 2293 senteutiam
1154 2233 1239 2308 reje-

127 2331 198 2411 cit.)
224 2326 397 2391 Oiliinxit
415 2329 513 2407 igitur
533 2328 658 2413 primus
674 2326 830 2407 Origenes
850 2325 980 2407 (eodeni
994 2327 1067 2393 iere
1089 2343 1237 2417 tempore

127 2427 818 2517 quo‚lllaneshumano1nChristineturorn
837 2429 983 2509 negavit)
1005 2425 1089 2491 dons
1114 2430 1152 2493 in·
1175 2453 1237 2493 nnn

125 2530 200 2600 Jesu
215 2528 328 2593 Christi
341 2530 472 2612 persona
488 2526 617 2590 naturas
627 2530 741 2591 intime
752 2533 874 2608 unitas,
899 2530 1078 2591 humanam
1097 2552 1136 2595 ac
1151 2530 1238 2594 divi-

126 2653 203 2699 nam
223 2630 333 2717 (quein
345 2646 472 2714 quoque
485 2629 696 2691 recentiorum
708 2629 941 2693 l‘lntonicoruni
952 2630 1148 2695 auctorita-te
1161 2636 1236 2697 seu-

123 2732 261 2800 tentiam
286 2726 459 2793 defendere
486 2730 615 2814 potuit).
671 2729 756 2793 Turn
780 2728 1001 2793 Alexandrina
1032 2731 1145 2793 schola
1174 2737 1233 2813 (cs.

124 2854 209 2924 quse
220 2832 362 2918 expofita
374 2831 446 2891 sunt
457 2827 498 2890 de
513 2828 666 2909 Dionysio
685 2842 718 2892 et
731 2830 855 2895 Petro
871 2828 935 2911 lli)
950 2828 985 2891 id
994 2832 1143 2896 maxime
1159 2836 1233 2915 egit,

22 2982 28 2997 .
122 2948 161 3000 nt
176 2934 305 2998 divinoe
326 2942 359 2994 et
378 2932 537 2991 humanae
551 2928 665 2993 Christi
684 2944 869 2993 naturarum
882 2931 1034 2994 attributa
1053 2936 1233 3000 accuratius

103 3076 106 3083 -
123 3032 407 3113 distinguerentur,
439 3041 473 3092 et
490 3031 645 3115 acepsevit
664 3029 857 3094 adversarios
874 3033 1006 3097 crimine
1028 3052 1067 3095 ea
1087 3040 1233 3099 conson-
1277 3080 1281 3087 -

121 3131 241 3211 dendi,
269 3131 380 3195 incidit
400 3152 479 3193 vero
493 3129 580 3217 apud
595 3150 669 3210 eos,
696 3132 751 3217 qui
769 3134 873 3210 (scuti
891 3138 955 3211 jorn
968 3130 1123 3213 Origenis
1142 3152 1232 3202 tern-

121 3255 201 3324 pore
218 3232 368 3313 Beryllus
382 3243 457 3293 ante
472 3233 874 3312 conversionem)'humani
886 3246 981 3320 atque
995 3232 1119 3316 (livini,
1144 3240 1231 3325 quod

122 3334 247 3403 chriso
269 3332 367 3413 inest,
398 3333 554 3394 unitatem
581 3332 724 3395 oblinere
747 3331 932 3414 studebant,
963 3336 999 3399 in
1018 3338 1230 3422 suspicionem

122 3435 265 3503 criminis
281 3445 453 3520 utrumque
466 3426 572 3495 'acrius
585 3431 803 3514 disjungendi,
830 3456 892 3521 qun
905 3456 948 3497 ex
959 3437 1158 3521 opinionmn
1175 3444 1230 3505 di·-

119 3537 268 3600 'cerfitate
287 3535 414 3597 altiores
427 3534 532 3597 indies
549 3530 671 3597 radices
684 3546 798 3613 agente
816 3539 925 3621 postea
942 3535 1122 3621 (Didymos
1139 3543 1228 3609 idern

119 3637 190 3699 fere
213 3634 301 3722 quod
323 3634 479 3715 Origenes
504 3634 684 3713 contendit,
714 3633 770 3699 sed
795 3634 923 3701 videtur
947 3639 1047 3703 etiam
1068 3642 1229 3725 disertius,

119 3758 217 3821 quam
237 3736 408 3815 Origenes,
443 3735 549 3798 uerbis
570 3738 634 3799 suis
652 3739 792 3799 suturam
805 3737 1061 3819 Nestorionorusn
1083 3744 1227 3808 lraerefin

118 3837 323 3927 improbasse)
347 3837 604 3913 Nestorianorum
625 3860 661 3902 ac
680 3837 975 3928 monophysitarum
992 3848 1227 3910 coutroversiae

117 3932 278 4027 profectae
291 3940 370 4001 sont.
626 3997 629 4002 .
711 3935 714 3939 ’
796 3928 801 3951 ²
910 4016 913 4021 Ι

203 4036 241 4103 Ιιι
264 4034 466 4119 describenda
491 4036 573 4101 vita
592 4038 612 4103 J
620 4041 683 4105 esu
706 4038 858 4113 Christi
880 4044 1070 4108 terrestri
1093 4068 1134 4111 eo
1159 4048 1224 4111 dis-

120 4139 261 4201 sentiunt
283 4136 430 4205 Clemens
450 4151 484 4203 et
502 4132 661 4222 Origenes
681 4143 721 4205 ab
737 4141 886 4223 Irenaeo,
914 4126 998 4231 quod
1016 4146 1067 4209 illi
1088 4147 1221 4228 (Orige-
