2572 4770
312 470 316 477 ,
430 422 636 522 ...191
679 468 778 483 ...-

61 601 248 690 praecipue
274 600 335 689 iptt
366 601 603 689 corrigendum
635 617 723 681 erat,
768 603 848 671 nihil
879 607 1132 693 permutaverit.

65 706 172 771 Restat
189 703 320 790 igitur,
338 716 375 795 qt
390 703 535 790 inscitiae
555 707 656 795 ipsius
672 694 954 795 negligentiaeque
971 706 1133 777 deflexio·

34 894 43 901 ,
61 828 143 871 nem
164 804 209 870 ab
227 805 411 893 archetypo
430 805 557 874 demus.
606 806 735 874 inscitia
751 808 886 896 quidem
903 809 943 875 in
957 832 998 877 eo
1019 812 1132 878 cerni-

62 923 138 989 tur,
168 906 281 995 quod,
312 929 389 972 cum
409 907 572 975 Eusebius
597 931 621 973 a
641 910 828 991 Pantaenn,
852 931 973 997 quem,
999 912 1131 980 summ
1244 912 1252 923 '

61 1011 154 1092 inre,
183 1030 350 1097 nusquam
374 1008 523 1096 primum
549 1008 681 1078 scholae
703 1025 764 1078 eat.
790 1010 1004 1101 praesectum
1023 1028 1132 1095 vocat,
1234 998 1237 1003 ¹

17 1134 21 1139 ·
61 1112 180 1179 seriem
200 1110 447 1179 catechetarum
466 1113 645 1202 inceperit,
670 1114 737 1202 ipsc
753 1114 870 1181 diserte
887 1114 1131 1203 primumcum

61 1213 291 1303 nuncupavit3
317 1212 405 1300 quod
421 1216 583 1281 antemio
598 1239 638 1281 eo
654 1216 776 1304 capite,
801 1216 890 1304 quod
901 1214 992 1282 baud
1008 1218 1074 1283 scio
1086 1239 1132 1284 an

62 1318 184 1383 iniuria
199 1307 293 1404 (qua
305 1313 346 1379 de
359 1338 398 1380 re
409 1314 500 1381 inira
516 1322 642 1383 occasio
658 1320 720 1384 erit
735 1317 945 1406 disputandi)
962 1317 1039 1384 loco
1054 1341 1131 1399 mo-

62 1421 150 1486 verit
172 1416 232 1498 (iu
251 1418 364 1483 nostris
385 1418 475 1483 enim
498 1419 630 1487 Eusebii
650 1420 683 1486 h.
703 1445 731 1487 e.
754 1420 922 1487 ‹odicibus
944 1420 1131 1487 manuscri-
1205 1440 1209 1473 2

62 1523 144 1610 ptis,
173 1525 199 1587 si
222 1518 369 1587 Strothio
391 1520 642 1589 fidcmhabere
664 1522 794 1604 faseli,
824 1536 857 1591 et
882 1522 1130 1612 exemplaribus

63 1646 132 1689 noo
146 1627 189 1690 est
200 1621 280 1688 libri
300 1620 381 1688 sexti
396 1636 496 1711 caput
513 1625 667 1705 tertiam,
691 1625 745 1690 sed
763 1624 933 1705 sextum),
956 1626 1131 1704 nonnulla,

62 1739 101 1791 ut
122 1725 182 1813 ipsi
198 1745 261 1813 pro
280 1723 339 1789 lua
360 1725 409 1790 rei
429 1725 552 1794 inscitia
574 1727 639 1793 visa
658 1731 735 1805 nnc,
768 1728 896 1795 leviora
915 1728 1130 1816 permutavit,

63 1828 95 1893 id
120 1827 252 1893 ridetur
267 1827 333 1891 esse
355 1827 582 1914 negligentiae.
638 1831 736 1915 Quae
759 1852 837 1897 cum
858 1830 903 1897 ite
919 1834 1000 1910 siut,
1029 1829 1131 1897 Rufi·
1207 1898 1213 1921 f

63 1951 148 1995 num
168 1929 221 1993 hic
242 1929 459 2017 praetermitti
479 1929 609 2011 licebit3
633 1934 753 1996 bemus
772 1934 882 2017 potius
904 1931 940 1996 in
959 1953 1017 2011 eo,
1041 1931 1129 2018 quod

62 2029 242 2109 Eusebius,
267 2052 368 2118 quem
380 2030 615 2118 Hieronymus
634 2030 798 2116 sequitur,
822 2018 1030 2097 Pantaenum
1059 2033 1130 2117 pri-
1210 2062 1215 2073 ¹
1256 2094 1259 2099 ,

62 2155 158 2200 mum
175 2130 307 2198 scholae
326 2130 545 2198 catecheticae
563 2128 773 2219 praefectum
793 2153 968 2219 nunquam
980 2131 1131 2220 appella·

61 2236 119 2301 vit.
178 2232 244 2300 Sed
268 2254 349 2311 oum
371 2232 546 2323 Philippus
577 2231 720 2314 Sidetas,
763 2232 953 2299 catechetae
975 2233 1131 2300 Alexan·
1262 2223 1264 2233 ’

64 2335 146 2402 drini
171 2324 365 2425 discipulus,
398 2332 653 2423 Athenagoram
676 2357 838 2424 eumque,
878 2335 911 2401 id
937 2336 1026 2422 quod
1049 2336 1129 2401 seri·

63 2453 118 2527 pta
138 2439 236 2527 ipsus
256 2434 493 2520 demonstrant,
524 2437 745 2504 doctissimum
773 2437 916 2526 ideoque
935 2436 1025 2502 haud
1047 2437 1128 2504 alie-

64 2562 144 2611 num
157 2538 367 2607 avictutibus
380 2538 511 2606 scholae
523 2539 743 2606 catecheticae
757 2538 1027 2627 praefectorum,
1052 2554 1130 2606 ante

64 2642 269 2710 Pantaeuum
291 2639 388 2707 nobis
406 2640 592 2708 tradiderit:
625 2664 695 2708 non
716 2645 776 2722 est,
806 2641 931 2708 curisti
951 2640 1129 2708 sententiae

66 2745 215 2811 omnibus
227 2741 357 2810 viribus
369 2743 587 2810 reluctemur.
636 2742 785 2811 Fortasse
797 2743 898 2833 igitur
916 2738 990 2822 (sed
1003 2742 1051 2809 nil
1068 2743 1127 2809 nist

64 2839 212 2932 fessas)
232 2856 311 2913 ante
325 2844 536 2913 Pantaenum
551 2846 619 2912 iam
632 2844 866 2934 Athenagoras
889 2835 957 2924 (de'
967 2844 1062 2911 cuius
1073 2843 1128 2913 bi·
1256 2842 1260 2850 ’

64 2949 157 3015 soria
178 2945 268 3016 insra
294 2947 417 3037 plura)
447 2946 582 3015 scholae
605 2950 732 3015 nostrae
755 2945 914 3037 praefuit.
978 2950 1126 3037 Quoquo

63 3049 162 3117 modo
189 3061 302 3118 autem
332 3048 374 3115 ds
402 3051 459 3117 ista
482 3048 668 3139 quaestione
700 3070 852 3138 unquam
884 3047 1127 3130 diiudicabitur,
1175 3110 1179 3117 ,

62 3151 148 3221 baud
174 3152 273 3220 dubie
297 3152 368 3218 non
388 3151 621 3243 Athenagoras
646 3152 780 3231 (maior
804 3152 832 3218 is
850 3149 966 3218 forsan
988 3148 1127 3239 seriptis,

62 3278 161 3345 mam
181 3257 263 3323 virs
276 3251 396 3338 voce),
418 3255 473 3323 scd
487 3256 680 3323 Pantaenus
696 3254 828 3344 primus
846 3252 929 3336 fuit,
953 3253 1011 3343 qui
1028 3252 1126 3319 scho-

56 3356 111 3426 lae
127 3362 260 3427 notrae
277 3357 459 3439 maiorem,
485 3358 585 3425 etiam
598 3371 774 3425 externam
788 3356 931 3444 gloriam
946 3374 1126 3445 compara-

60 3462 121 3542 vit,
141 3462 364 3551 primumque
385 3460 455 3527 eius
475 3460 610 3541 lumen,
637 3458 712 3548 quia
728 3482 747 3524 a
762 3462 932 3526 Pantaeno
945 3456 1124 3549 gravissimi

57 3562 207 3630 historiae
218 3560 445 3629 ecclesiasticae
456 3556 567 3651 patres
580 3562 615 3627 in
630 3561 713 3628 serie
728 3559 975 3630 catechetarum
988 3559 1125 3627 traden-

10 3654 12 3669 '
58 3666 98 3730 da
115 3664 384 3757 proficiscuntur.
433 3666 505 3732 Iam
525 3687 610 3734 vero
628 3687 832 3754 quamquam
848 3659 1124 3752 nequeAthcna-

56 3788 174 3855 goras,
207 3788 319 3855 neque
333 3766 525 3834 Pantaenus
548 3765 622 3835 veri
647 3768 790 3834 nominis
816 3765 969 3832 conditor
992 3761 1123 3830 scholae

56 3875 185 3939 achras
195 3884 287 3937 certo
301 3867 488 3957 praedicari
502 3872 616 3959 potest:
642 3883 755 3936 tamen
766 3892 815 3935 cx
825 3892 884 3949 eo,
909 3854 998 3955 qu'od
1010 3877 1122 3954 patres

56 3972 97 4037 ad
115 3974 316 4059 illususque
333 3972 437 4041 viros.
448 3972 589 4038 neminis
609 3972 638 4037 ei
656 3971 817 4061 praefecti
834 3990 960 4036 nomen
975 3963 1116 4033 tradide·

55 4090 149 4158 ruut,
174 4072 341 4163 sequitur,
361 4072 472 4140 seculo
484 4060 529 4141 ΙΙ(
542 4074 678 4141 demum
691 4087 834 4140 exeunte
847 4073 956 4138 claros
969 4067 1119 4138 doctores·

14 4190 24 4263 ξ
56 4184 197 4245 nestrum
221 4174 379 4243 babuisse.
429 4178 520 4243 Cum
539 4188 652 4243 autem
670 4176 730 4265 ipsa
751 4178 837 4243 iltius
857 4170 948 4239 modi
970 4172 1120 4239 doctores
1244 4211 1250 4231 ,

57 4280 237 4363 effecerim,
258 4290 297 4347 att
312 4278 511 4369 cataclietica
523 4278 633 4347 schola
648 4302 691 4346 ax
704 4278 880 4351 inferiore,
906 4288 944 4361 ut
957 4274 989 4341 id
1007 4275 1117 4374 bresi-
1221 4292 1225 4299 ·

57 4394 103 4451 tsr
115 4362 608 4485 dishng„sepericr'sradetets
631 4385 750 4472 potest,
767 4386 798 4451 ’11
818 4379 893 4472 quis
913 4377 1038 4449 certius
1058 4375 1119 4441 har
1206 4448 1214 4459 ,

845 4511 867 4556 2
892 4493 907 4529 ἡ
1097 4510 1104 4527 s
