2572 4770
29 350 36 363 .
128 296 203 369 258
454 278 541 371 cap.
568 278 639 348 ΙΙΙ.
688 272 919 367 Dogmatica.

36 526 39 531 .
128 474 201 540 Deo
219 465 354 543 obtulit,
387 481 492 548 eoque
510 460 661 522 homines
677 455 749 520 Deo
774 448 1001 517 reconciliavit.
1053 449 1183 515 Verum
1203 473 1243 517 ne

129 573 257 637 animae
276 563 393 628 eodem
411 559 628 624 imbecillitate
647 559 701 620 sua
721 554 879 632 redirent,
908 550 1043 615 instituit
1062 552 1172 631 Jesua,
1198 567 1243 634 ut,

128 690 214 760 quae
238 665 388 731 continuo
406 663 507 724 vitam
526 660 624 745 ipsius
646 654 788 719 divinam
816 657 864 734 (et
887 652 1014 715 animae
1038 655 1244 741 exemplum)

130 775 334 880 sanctamque
363 775 500 826 mortem
522 758 792 844 contemplantes,
825 753 987 818 doctrinae
1006 753 1105 840 ipsius
1123 777 1244 821 eonve-

132 874 261 938 nlenten
278 865 388 926 rivere
405 882 463 948 pro
483 860 605 924 viribus
623 858 801 938 studerent,
828 856 869 920 ad
889 856 984 919 altius
1003 852 1109 919 indies
1129 858 1245 920 sancti·

133 970 263 1036 moniae
286 964 446 1041 fastigium
470 960 676 1046 pervenirent
705 960 760 1038 (ci
787 978 813 1019 e.
838 954 919 1021 Cels
943 955 1075 1034 111‚ea.
1109 979 1144 1043 p
1167 965 1243 1025 tea:

135 1060 311 1152 Επέμφθη
328 1053 386 1127 οὖν
406 1062 489 1138 θεὸς
507 1054 606 1146 λόγος
624 1048 715 1122 susti
730 1078 792 1138 μεν
809 1049 926 1142 ἰατρὸς
937 1046 1245 1142 τοῖςᾶμαρτωλοῐςῑ

27 1244 31 1261 Ι
136 1162 227 1234 καθὸ
258 1163 295 1229 δὲ
320 1158 521 1237 διδάσκαλος
542 1153 649 1225 θείων
675 1151 867 1246 μυοιηρίων
894 1158 968 1233 τοῖς
991 1145 1057 1244 ἤδη
1079 1160 1246 1248 καθαροῖς

138 1269 196 1334 καὶ
211 1259 330 1350 μηκέτι
344 1255 614 1348 ἁμαρτάνουσιν).

221 1364 340 1431 Salus
356 1374 489 1425 autem
507 1378 629 1447 opere
644 1354 796 1421 Christi
813 1368 956 1444 parata
977 1353 1025 1419 de
1043 1359 1245 1422 sententia

137 1467 246 1546 Orig.
262 1485 337 1537 non
355 1460 402 1523 ad
422 1464 529 1524 solos
546 1459 724 1522 homines
740 1458 932 1543 pertinet.
961 1456 1117 1539 Pallenes,
1132 1462 1245 1546 quibus

135 1571 176 1630 ab
184 1564 298 1644 angelo
312 1559 548 1623 ortumdomioi
561 1560 746 1623 nunciatum
754 1561 819 1622 esse
831 1560 955 1639 scimus,
970 1558 1201 1632 aishomXIL
1213 1562 1246 1625 in

136 1669 217 1734 Luc.
226 1665 291 1725 vol.
303 1661 363 1741 ΙΙΙ,
375 1671 453 1742 ote,
473 1662 524 1725 ”li
538 1660 577 1724 ad
593 1660 791 1723 sacratiorem
804 1672 930 1747 oportet
941 1659 1247 1726 ascendereintelli·

136 1766 287 1850 gentiam,
299 1760 401 1826 dicam
411 1761 666 1850 quosdamiuisse
673 1764 813 1847 pastores
820 1762 1022 1846 angelos,qui
1030 1782 1083 1824 res
1091 1763 1247 1828 humanas

137 1879 293 1951 regerent.
317 1866 437 1930 Etcum
443 1866 560 1927 horum
572 1863 789 1950 unusquisque
798 1864 884 1923 suam
897 1860 1071 1924 custodiam
1077 1866 1245 1927 conserva-

138 1982 186 2034 ret
200 1980 233 2032 et
245 1966 357 2031 diebus
368 1987 404 2027 ac
419 1965 563 2029 noctibus
577 1964 713 2045 vigilans
725 1966 789 2042 jam
802 1963 944 2026 laborem
955 1966 1038 2025 serra
1055 1984 1120 2025 non
1138 1966 1245 2050 poss'et,

139 2084 172 2135 et
184 2072 244 2133 boc
261 2079 369 2149 ageret
383 2064 554 2143 industrie,
576 2077 610 2127 ut
626 2076 753 2146 gentes,
779 2083 861 2149 quae
874 2064 932 2126 fibi
945 2062 1085 2126 creditae
1106 2063 1243 2143 suerunt,

137 2174 344 2252 gubernaret,
359 2167 478 2229 venisse
492 2167 643 2248 angelum
659 2175 734 2227 nato
747 2161 895 2244 domino,
917 2176 949 2227 et
963 2163 1168 2228 annunciall'a
1185 2187 1243 2252 pr·

137 2272 289 2348 storibus,
311 2266 397 2354 quod
411 2288 506 2330 verus
521 2270 598 2333 ellet
612 2264 717 2351 pastor
729 2277 890 2344 exortus
869 2312 905 2345 „,
935 2264 990 2349 qui
1003 2265 1152 2349 ”proluit
1168 2289 1246 2330 cun·

137 2371 214 2447 ctis,
236 2391 291 2455 qur
282 2366 443 2430 diversas
457 2388 636 2455 provincias
649 2366 874 2444 obtinebant
922 2361 988 2428 Sed
1002 2363 1102 2427 ettam
1116 2367 1244 2431 ultore-

136 2471 243 2555 spactu
272 2457 460 2548 angelorum
485 2470 568 2529 luter
586 2464 727 2529 Christus
755 2463 796 2527 da
822 2413 971 2546 Origenis
995 2466 1156 2531 sententia
1178 2470 1244 2532 fuit

136 2571 233 2638 Nulla
246 2571 334 2632 enim
348 2579 489 2632 creatura
502 2566 697 2629 rationabilis
710 2567 795 2652 lapsa
808 2587 873 2628 non
888 2567 949 2643 est,
963 2576 995 2627 et
1008 2584 1050 2628 ne
1064 2568 1162 2632 suncti
1174 2571 1245 2656 qui-

137 2670 214 2735 dem
231 2672 335 2750 angeli
351 2670 424 2756 puri
442 2671 513 2731 sunt
526 2666 608 2733 Deo.
662 2666 787 2734 Omnes
806 2666 904 2747 igitur
926 2665 1082 2730 salvatore
1100 2683 1198 2751 egent
1215 2683 1244 2734 et

135 2767 544 2859 purificatore(”1ndigent
564 2770 652 2832 enim
670 2769 890 2857 purificatione
914 2788 980 2830 non
1000 2768 1105 2834 tolum
1123 2773 1244 2859 quaein

136 2886 220 2936 terra
238 2874 325 2948 sunt,
351 2869 403 2933 sed
427 2890 508 2956 quaa
527 2871 560 2931 in
580 2871 707 2952 coelis„
728 2874 816 2935 bom.
830 2865 958 2941 XXIV,
975 2881 991 2934 t
1012 2869 1048 2932 in
1067 2871 1240 2938 Nummi

134 2971 180 3049 ΙΙ,
198 2977 290 3050 868);
320 2973 361 3034 cs.
378 2971 488 3032 Huetii
511 2968 643 3051 Origen.
665 2973 687 3034 l.
705 2974 728 3036 l.
749 2995 803 3059 qu.
821 2978 850 3034 8.
879 2971 904 3052 Ι.
919 2978 971 3035 25.
990 2982 1091 3056 pist.
1141 2973 1241 3056 Quare

136 3094 203 3133 non
220 3071 390 3135 hominum
405 3073 525 3152 totum,
549 3071 603 3135 sed
619 3073 764 3136 omnium
779 3081 994 3135 creaturarum
1010 3072 1240 3140 rationabilium

135 3174 241 3254 (nulla
261 3175 348 3238 enim
366 3175 472 3236 anima
496 3174 659 3238 rationalis
680 3194 699 3235 a
718 3172 790 3236 Deo
813 3181 917 3233 creata
937 3173 983 3233 est
1002 3177 1109 3255 mala,
1143 3196 1240 3264 neque

135 3277 203 3337 ulla
217 3276 261 3338 all
276 3275 416 3354 malitia,
440 3296 522 3361 quaa
538 3296 556 3336 a
571 3267 659 3358 λόγῳ
673 3283 812 3360 nequeat
824 3272 958 3352 mutari,
983 3294 1008 3336 r.
1024 3273 1107 3342 Cels,
1121 3276 1180 3358 ΠΙ,
1194 3290 1236 3345 6⁹·

136 3398 170 3462 p.
187 3384 259 3444 492.
276 3381 349 3456 93),
363 3410 409 3424 -
432 3388 540 3438 tamen
557 3372 644 3437 haud
658 3371 754 3437 dubie
766 3393 876 3436 earum
890 3373 1052 3455 maxime,
1074 3399 1160 3463 quae
1171 3380 1240 3467 plu.

133 3477 254 3541 rimum
272 3476 475 3562 deliquerunt
487 3511 530 3526 -
554 3476 688 3541 salutem
702 3471 844 3538 Christus
859 3477 977 3539 curasse
993 3476 1112 3540 dicitur
1126 3502 1153 3544 o.
1166 3478 1236 3545 cett.

133 3576 210 3657 VH,
233 3590 281 3644 1⁷.
304 3601 335 3663 p.
352 3589 412 3643 706
437 3577 559 3655 (omnia
575 3576 651 3638 tecit
663 3573 804 3639 Christus
816 3563 903 3659 ὑπὲρ
917 3570 1044 3653 παντός
1056 3576 1121 3641 τοῦ
1135 3574 1237 3664 γένους

89 3692 109 3703 ·
129 3676 199 3743 teia
214 3669 421 3762 ἀνθρώπων,
444 3667 465 3760 ΙΙ
478 3673 609 3739 καὶτῶν
621 3674 793 3762 λογικῶν),
815 3697 898 3763 quae
912 3678 1009 3741 etiam
1022 3677 1064 3740 ad
1076 3680 1158 3744 astra
1170 3681 1237 3742 sen-

133 3780 233 3842 tentia
249 3777 432 3841 extenditur
447 3777 479 3836 iu
488 3774 562 3838 lob
571 3775 643 3841 TI
653 3778 729 3893 t,vol
743 3776 925 3857 1v‚trtts
943 3776 1235 3862 (αᾶ.ΗιιαΙ.Π,88,

131 3878 185 3942 bis
197 3880 319 3942 verbis:
348 3871 468 3940 lsai
431 3896 494 3961 γαρ
509 3863 636 3939 droam
649 3864 736 3963 ὕπὲρ
750 3868 974 3962 ἀνθρωπίνων
986 3880 1050 3963 μέν
1062 3872 1235 4000 apompd·

132 3997 224 4045 οκειν
236 3967 480 4062 ἇμαρτηοάτων
492 3969 679 4058 γεύσασθαι
699 3969 867 4054 θανάτου,
889 3971 1004 4043 οὐκέτι
1020 3971 1096 4045 dd‘
1079 3969 1233 4070 υπὲραλ-

130 4074 191 4140 λου
209 4071 300 4155 τινὸς
317 4069 411 4160 παρὰ
430 4073 495 4138 τῶν
513 4068 742 4159 ἀνθρώπων
725 4100 761 4142 εν
779 4064 999 4167 ομαρτήμαοι
1016 4078 1231 4168 γεγενημένον,

125 4162 201 4263 οἷον
218 4178 306 4264 οπερ
305 4167 481 4261 ἄστρων).
531 4174 644 4240 Simile
664 4176 743 4264 quid
762 4179 923 4247 innuitT.
936 4178 1029 4249 stin
1042 4182 1117 4249 solt.
1130 4181 1181 4249 ed
1195 4182 1229 4247 Η.
