2572 4770
52 252 125 317 872
375 228 461 317 cap.
488 210 558 290 ssl-
612 214 844 307 Dogmntr'ca.

49 419 177 507 spiritus
195 415 216 477 s,
239 424 274 473 ut
291 410 383 483 Deus
401 426 464 468 una
483 423 556 467 cum
577 410 666 486 patra
685 407 719 460 et
737 393 822 473 silio,
847 413 974 479 nosque
995 415 1017 459 e
1036 392 1168 457 desormi

55 525 135 584 statu
155 513 196 578 ad
217 510 380 599 pristinam
393 500 665 591 pulchritudinem
679 494 820 575 reducit,
845 515 881 556 ac
898 497 955 557 sua
966 494 1087 581 implet
1101 516 1171 576 gra-

53 622 117 697 tia,
152 614 233 676 adeo
254 620 294 679 ut,
310 608 432 670 nullam
458 604 596 690 amplius
616 620 705 677 rem,
733 616 815 683 quae
836 593 1021 680 expetenda
1041 598 1176 672 nonsit,

55 736 169 805 capere
191 712 361 800 possmrus3
389 717 422 768 et
441 706 555 767 liberat
573 722 592 763 a
611 708 740 787 peccato
761 708 897 781 atquae
920 708 1050 777 morte,
1082 710 1177 759 etex

56 814 193 882 terrenis
213 859 242 875 ..
258 807 412 894 spiritales
427 803 504 866 facit
523 814 556 866 et
574 800 742 888 participes
763 794 891 859 divinae
910 795 1035 874 gloriae
1058 795 1114 877 (cs.
1138 793 1177 857 de

59 933 97 982 tr.
114 915 158 993 Π,
173 925 223 991 25,
242 913 336 989 297),
366 918 399 967 et
411 905 495 966 {ilios
508 915 541 965 et
552 898 708 966 haeredes
723 897 787 962 Dei
801 919 836 960 ac
851 899 967 984 patric,
994 908 1032 959 et
1045 897 1178 961 consor-

56 1038 129 1084 mes
141 1013 289 1095 imaginis
303 1008 381 1087 filii,
407 1018 440 1068 et
454 1000 645 1067 cohaeredes
658 1004 745 1081 ejua,
767 1012 801 1063 et
811 1000 943 1076 stamen,
966 1020 1035 1063 una
1050 1018 1126 1061 cum
1139 1017 1177 1059 eo

58 1110 299 1199 glorificandos,
320 1107 477 1192 simulque
493 1125 566 1167 cum
578 1103 644 1189 ipso
658 1111 861 1182 regnaturoa;
883 1109 916 1161 et
929 1118 990 1184 pro
1004 1110 1092 1161 terra
1104 1119 1177 1160 rur-

59 1220 112 1281 sua
131 1213 228 1278 donat
249 1210 375 1273 coelum
399 1218 431 1269 et
451 1201 630 1292 paradisum
647 1202 826 1266 liberaliter'
839 1202 985 1281 largitur,
1010 1198 1177 1281 etaugelia

58 1321 126 1398 jam
138 1311 358 1377 honoratiores
373 1307 466 1384 iacit,
494 1315 527 1367 et
545 1301 663 1365 divinis
680 1303 816 1388 piscinae
833 1301 965 1365 fluentis
975 1311 1106 1363 tautam
1119 1319 1177 1379 ge-

58 1418 187 1479 hennae
216 1408 510 1487 inexstinguibilem
539 1404 705 1467 flammam
730 1402 938 1483 exstinguit’'
999 1392 1093 1478 Λίχα
1120 1394 1177 1461 τοί

60 1510 322 1598 ἀναγεννηθῆναι
341 1501 552 1588 βαπτίσματι
571 1496 640 1571 ὑπὸ
660 1503 723 1569 τοῦ
742 1494 929 1584 πνεύματος
943 1499 1005 1565 τοῦ
1019 1498 1112 1565 θεοῦ
1125 1498 1179 1563 καὶ

59 1609 315 1698 σφραγισθῆναι
332 1607 380 1693 τῷ
400 1599 553 1709 dyroppqi
573 1607 631 1673 καὶ
646 1600 727 1680 ναὸς
740 1594 843 1668 αὐτοῦ
859 1597 1035 1685 γενέσθαι·
1059 1596 1179 1680 toddeic

26 1772 29 1789 ,
60 1711 127 1775 τῶν
144 1701 355 1793 ἐπουρανίων
373 1698 485 1786 ἔτυχεν
503 1701 657 1794 ἀγαθῶν,
690 1695 750 1768 κᾶν
773 1698 832 1767 τὸν
852 1688 953 1765 ἄλλον
968 1696 1048 1781 βίον
1068 1688 1178 1782 ἄμεμ-

61 1829 148 1884 πτος
163 1800 289 1893 εὑρέθη
309 1806 366 1887 (de
379 1819 418 1870 tr.
434 1805 477 1886 Π,
493 1820 542 1886 12,
557 1812 645 1887 256).
690 1802 762 1871 Kos
781 1794 943 1867 οὐδέποτε
960 1794 1046 1886 παρ’
1069 1794 1180 1866 οὐδενί

61 1900 140 1973 daeo
156 1906 217 1973 τοῦ
232 1905 456 1988 sanctoruni
471 1900 593 1985 ὕδατος
610 1899 629 1972 ὁ
644 1899 796 1992 Χριστὸς
813 1901 870 1965 καί
880 1897 919 1966 τὸ
936 1895 1032 1985 ἅγιον
1046 1902 1180 1982 πνεῦμα

61 2011 121 2091 (ib.
136 2019 197 2087 ti,
217 2012 306 2089 261).
362 2007 469 2071 Unam
495 2021 620 2072 tantum
645 2007 869 2092 exceptionem
889 2006 994 2066 noster
1020 2003 1177 2082 concedit,

61 2131 126 2198 qua
148 2110 216 2173 stne
237 2108 426 2194 baptismate
446 2106 486 2171 ad
507 2110 640 2173 salutem
659 2105 875 2193 perveniatur.
921 2092 1046 2180 Ἀλλὰ,
1075 2106 1178 2192 inquit

62 2211 105 2275 de
124 2222 162 2272 tr,
184 2209 227 2287 11,
250 2223 298 2289 12,
316 2219 397 2289 256,
432 2208 490 2272 καί
510 2201 543 2273 oi
561 2204 629 2294 πρὸ
646 2200 881 2288 βαπτίσματος
903 2206 1177 2293 μαρτυρῆσαι

61 2302 290 2389 ἐπιτυχόντες,
318 2310 366 2395 τῷ
387 2305 465 2394 ἰδίῳ
487 2300 759 2391 ἀπολουσάμεναι
778 2295 1018 2385 astrenciam
1036 2297 1176 2372 ὑπὸτοῦ

62 2404 160 2497 ἁγίου
180 2401 370 2488 πνεύματος
387 2408 449 2472 τοῦ
467 2410 554 2473 θεοῦ
571 2399 861 2494 ίζωοποιήθησαν.
889 2438 933 2454 -
984 2402 1124 2493 Semper
1143 2408 1176 2467 in

60 2511 193 2576 nornine
207 2511 371 2572 universae
385 2510 535 2571 trinitatis
548 2508 706 2594 baptisma
718 2511 764 2570 est
772 2504 1033 2594 impertiendum.
1079 2507 1176 2572 ”Non

59 2613 241 2692 arbitror„,
269 2612 316 2672 eit
330 2608 370 2672 da
386 2611 430 2695 sp.
448 2611 511 2671 scto
526 2605 568 2671 Π.
591 2628 623 2693 p.
640 2617 718 2688 608,
739 2610 1046 2696 J'quemquamtnrn
1060 2630 1177 2673 vecor-

62 2713 138 2777 dem
165 2726 260 2800 atque
280 2713 429 2773 insanum
448 2712 611 2788 futurum,
643 2717 681 2771 ut
701 2712 881 2794 perfectum
902 2709 1062 2794 baptisma
1087 2720 1176 2795 putet

60 2815 96 2879 id
116 2813 201 2903 quod
223 2808 316 2878 datur
336 2814 369 2875 in
389 2813 519 2875 nomine
537 2809 636 2896 patria
657 2819 690 2871 et
705 2810 781 2890 sitii,
802 2811 867 2872 srne
882 2810 1096 2897 assumptione
1109 2810 1176 2896 spi-

60 2918 143 2980 ritus
158 2919 197 2995 s.,
224 2912 279 2977 aiut
298 2915 405 2976 rursus
424 2913 458 2974 in
476 2912 607 2974 nornine
623 2909 723 2997 patria
741 2922 775 2973 et
789 2911 915 2996 spiritua
929 2912 970 2991 s.,
995 2911 1057 2974 tuti
1074 2933 1176 2975 voca-

61 3017 140 3080 bulo
156 3014 393 3098 praetermisso,
419 3024 475 3075 aut
488 3024 573 3076 certe
586 3013 621 3075 in
639 3011 771 3073 nomine
786 3012 846 3074 iiiii
858 3023 891 3074 et
901 3012 1031 3099 spiritua
1042 3015 1082 3093 s,
1109 3036 1174 3075 non

60 3115 221 3203 proposito
248 3115 404 3177 vocabulo
428 3115 537 3201 patria.
593 3113 687 3179 Licet
708 3112 795 3175 enim
822 3113 894 3199 quis
918 3115 1014 3199 possit
1040 3118 1174 3179 existere

60 3214 149 3279 saxei
165 3212 283 3295 cordis,
314 3228 345 3278 et
360 3217 488 3300 penitus
503 3216 620 3277 mentis
635 3215 774 3292 alienae,
803 3214 858 3300 qui
872 3213 915 3276 ita
931 3214 1095 3302 baptizare
1115 3237 1173 3279 co-

61 3327 174 3398 netur,
196 3327 232 3378 ut
244 3337 347 3380 unum
359 3316 399 3380 de
415 3315 590 3403 praeceptis
603 3314 786 3378 nominibus
800 3317 1051 3402 praetermittat,
1077 3315 1173 3382 vide-

59 3452 264 3480 ...-

127 3545 250 3617 pticmua
271 3550 332 3617 post
349 3546 443 3600 siliiet
459 3548 575 3618 spiritua
594 3548 616 3602 s.
638 3547 852 3617 apparitionem
871 3556 901 3599 et
915 3547 1048 3616 quotidie
1058 3558 1111 3603 aut
1122 3567 1171 3620 po·

126 3632 185 3685 tiua
202 3632 319 3703 singulis
333 3632 427 3701 horit,
459 3643 511 3688 aut
530 3643 563 3687 ut
581 3632 675 3685 uerior
697 3633 793 3685 dicam
813 3633 952 3685 continuo
971 3641 1002 3685 et
1020 3648 1123 3688 omne·
1140 3637 1170 3687 iu

126 3719 270 3787 piscinam
288 3718 491 3772 descendentes
512 3727 541 3771 et
565 3719 602 3771 ab
622 3719 701 3770 omni
720 3726 841 3788 peccato
859 3717 1082 3788 inperpetuum
1098 3720 1172 3775 tite·

126 3812 192 3868 rat,
224 3821 258 3856 ac
277 3804 436 3858 muitarum
456 3816 486 3856 et
506 3805 684 3859 diversarum
704 3813 734 3857 et
759 3804 989 3859 exorbitantium
1013 3815 1046 3859 et
1067 3817 1170 3861 curato

126 3886 292 3942 difficilium
310 3889 515 3955 assertionum,
547 3906 614 3944 cum
639 3890 851 3958 spiritualium,
884 3902 949 3944 tum
971 3893 1170 3960 corporalium

123 3973 236 4025 sanatio
255 3990 314 4028 una
332 3975 497 4042 invenitur,
530 3992 572 4028 ac.
587 3976 698 4029 nullum
715 3976 803 4045 plone
825 3977 885 4041 jam
912 3993 929 4029 e
950 3977 1066 4030 vetusti·
1087 3978 1169 4031 malit

125 4048 311 4131 paccatir'que
327 4061 384 4113 sire
403 4060 591 4115 interioribua
610 4062 666 4116 tire
687 4062 881 4116 exterioribua
898 4062 1067 4134 baptizator
1081 4067 1169 4121 eomi-

124 4151 212 4199 tatur.
223 4145 241 4173 '’
