2572 4770
449 322 452 327 ,
548 252 740 339 Οἱεπιιιιιι,
812 287 860 329 ,’
1114 253 1195 343 41⁶.

145 404 209 501 ¹De
227 433 478 523 spectaculis
495 432 594 501 Paed.
608 433 670 517 Ill,
687 447 738 515 tt,
756 448 818 505 298
836 433 1022 501 haecdicit:
1055 432 1191 527 „illini-vj

70 557 125 600 me
149 534 191 599 ad
214 539 390 623 spectacula
411 557 471 600 nos
489 535 692 623 paedagogus
714 535 861 602 deducet.
911 537 977 604 Nec
996 536 1190 599 inconcinne

69 635 170 700 stadia
190 649 222 701 et
242 639 363 701 theatra
382 637 519 723 pestium
539 636 725 703 cathedram
744 639 816 724 quis
827 638 989 703 vocaverit
1010 635 1190 719 (Pr.1‚1);
1256 636 1272 721 ,¹

69 760 147 825 nom
167 740 221 802 hic
240 760 367 826 quoque
385 741 548 802 scelestum
563 740 608 801 est
624 739 806 818 consilium,
834 737 1107 825 quemadmodum
1123 735 1190 805 adq

68 842 178 903 versus
197 843 334 920 justum,
361 839 501 927 ideoque
520 838 699 902 maledictis
714 836 907 918 devovetur,
937 861 1018 925 quae
1035 836 1189 915 adversus
1210 830 1214 843 '

70 962 146 1006 eum
167 943 221 1023 fit,
250 945 461 1023 congregatio.
509 940 627 1021 Magoa
640 940 758 1028 quippe
772 939 956 1005 confusione
971 939 1189 1026 etiniquitate¹

67 1044 107 1107 hi
129 1056 238 1106 coetus
252 1044 341 1131 pleni
354 1046 442 1124 sunt,
470 1056 504 1109 et
517 1044 635 1106 occasio
648 1055 826 1108 conventus
839 1045 929 1107 causa
947 1043 992 1106 elt
1008 1038 1189 1127 turpitudi-s,
1281 1064 1285 1075 ’

69 1145 138 1222 nis,
162 1165 236 1207 cum
250 1143 313 1207 vici
325 1156 357 1207 et
369 1146 512 1208 feminae
526 1144 657 1207 mixtim
670 1144 879 1223 conveniant,
906 1140 1041 1205 altered
1054 1141 1189 1213 alterius

68 1246 292 1330 spectaculum
350 1245 412 1311 Hic
438 1267 612 1332 perperam.
633 1249 713 1325 jam
726 1246 828 1326 agitur
857 1244 1036 1309 concilium.
1095 1240 1190 1317 Dum

68 1346 157 1408 enim
184 1346 352 1409 lasciviunt
378 1347 479 1427 oculi,
513 1347 670 1411 calescunt
695 1347 927 1447 appetitiones,
961 1355 995 1406 et
1017 1342 1104 1407 oculi
1126 1360 1188 1428 per

67 1447 171 1509 otium
184 1447 228 1509 ibi
242 1449 366 1510 concess
366 1468 421 1513 um
434 1447 600 1534 proximos
613 1424 834 1533 impudedtius
845 1447 999 1532 respicere
1011 1443 1188 1523 assuefacti,
1235 1454 1238 1471 '

67 1544 241 1611 intendunt
255 1546 454 1633 cupiditates.
496 1546 730 1615 Prohibeantur
745 1569 820 1628 ergo
832 1547 1006 1633 spectacula
1021 1556 1054 1608 et
1070 1562 1189 1617 ιιιιοιι-Ι

66 1659 170 1728 mata,
206 1667 288 1733 quae
312 1649 498 1720 lcuuuilitate
525 1668 561 1715 ac
574 1649 820 1741 ¹vaniloqpentia
837 1650 934 1732 plena
950 1649 1033 1711 sunt.
1085 1639 1191 1726 Quod

66 1749 157 1811 enim
175 1759 270 1837 turpe
288 1749 491 1815 factum-non
504 1747 679 1812 ostenditur
695 1749 730 1810 in
745 1746 904 1813 theatris?
932 1744 1030 1827 Quod
1048 1746 1190 1823 verbum

66 1847 243 1935 impudens
263 1869 330 1913 nun
348 1850 535 1936 proterunt,
568 1851 626 1938 qui
641 1851 738 1915 ritum
754 1859 905 1925 movent,
932 1850 1055 1921 semeae
1075 1859 1110 1910 et
1126 1846 1191 1909 ht-

64 1946 225 2011 striones?
266 1945 334 2029 Qui
352 1947 485 2029 esitio,
515 1945 603 2036 quod
618 1950 655 2014 in
674 1950 708 2013 le
724 1943 775 2029 (ἐν
790 1939 939 2025 ἑαυτοῖς,
964 1948 1092 2012 formffe
1111 1966 1193 2023 cum

66 2046 212 2113 Louthio
227 2045 402 2128 legendum
419 2045 455 2115 ἐν
469 2041 602 2125 eisaie,
625 2062 659 2115 et
671 2047 880 2115 referendum
893 2046 934 2115 ad
948 2045 1190 2132 ysmeneus,

65 2143 348 2232 quodpraecessit)
362 2149 426 2227 est,
445 2145 693 2217 delectationem
707 2151 848 2236 aliquam
859 2152 1089 2235 perceperunt,
1109 2147 1188 2210 evi-

50 2252 53 2257 '
67 2243 182 2308 dentes
203 2243 322 2309 domi
310 2248 468 2328 imagines
488 2249 687 2366 imprimunt.
737 2248 856 2315 Contra
871 2270 927 2335 qut
917 2249 990 2313 his
1006 2246 1186 2313 demulceri

66 2358 101 2409 et
123 2345 207 2409 affici
233 2359 417 2435 nequeunt,
451 2349 487 2415 io
512 2350 645 2430 ignavae
666 2353 849 2436 uoluptates
874 2372 940 2414 non
964 2350 1194 2438 prolabuntur..

65 2445 103 2510 si
121 2444 277 2528 dixerint,
305 2466 365 2535 pro
381 2446 460 2512 ludo
475 2451 589 2515 assuuni
600 2451 777 2538 spectacula
789 2449 832 2515 ad
844 2448 1034 2519 recreandos
1046 2452 1185 2533 animos,
1190 2500 1195 2507 .

65 2545 212 2613 dicemus
227 2571 293 2613 non
308 2553 418 2638 sapere
434 2552 597 2634 civitatee,
618 2573 699 2641 quse
714 2554 829 2617 seriam
843 2551 932 2617 ludis
945 2574 1078 2641 operam
1093 2551 1183 2619 dant.

62 2648 177 2735 Neque
190 2649 279 2713 enim
291 2647 390 2715 ludus
402 2653 448 2717 est
459 2655 553 2717 saeva
569 2653 690 2734 gloriae
700 2653 878 2740 cupiditas,
898 2674 982 2739 quae
997 2653 1096 2736 [lodis
1108 2656 1193 2737 ιιι-ι,

63 2748 224 2832 diatoriis]
250 2760 298 2813 tot
322 2762 444 2815 mortes
467 2753 584 2833 insert,
620 2773 727 2841 neque
753 2776 837 2818 vena
860 2752 963 2817 studia
991 2765 1025 2818 et
1048 2754 1191 2819 rationis·

63 2870 183 2937 expers
213 2848 347 2915 ambitio
382 2861 416 2912 et
446 2862 613 2936 praeterea
644 2854 834 2918 facultatum
867 2855 1039 2947 impensae.
1110 2854 1183 2921 Ne-

63 2970 129 3038 que
149 2968 231 3035 quae
251 2948 303 3012 his
321 2946 365 3011 de
385 2951 484 3015 causus
502 2952 682 3019 excitantur
696 2954 884 3020 seditiones
879 2956 1184 3043 [populares]am-

61 3052 150 3138 plius
167 3049 239 3115 ludi
254 3052 334 3115 sunt.
388 3051 484 3117 Veno
502 3051 605 3119 studio
620 3076 801 3141 nunquam
798 3056 978 3121 emendum
996 3059 1042 3121 est
1061 3058 1195 3143 odom,

61 3170 172 3240 neque
184 3152 310 3238 sapiens
324 3152 501 3234 jucundum
516 3173 549 3217 eu
538 3152 650 3245 quod
663 3157 707 3219 elt
719 3156 836 3219 melius
847 3157 1074 3241 praetulerit?
1187 3202 1195 3237 ;

148 3251 204 3316 Ad
223 3274 330 3318 moras
350 3253 522 3321 hominum
539 3266 573 3318 et
589 3256 622 3318 in
644 3254 761 3321 melius
780 3268 814 3320 et
831 3257 867 3319 in
885 3260 978 3344 pejus
992 3256 1193 3333 formandos

61 3354 176 3417 volere
189 3355 339 3417 nonnihil
351 3352 429 3417 dicit
446 3356 544 3419 etiem
565 3355 764 3421 musicffam
807 3356 891 3435 „Est
904 3357 1088 3439 attingenda
1101 3382 1193 3423 mu-.

61 3451 475 3535 lica(Str.VI‚1t,785)
499 3454 672 3520 admones
694 3405 855 3523 ornandos
877 3470 911 3522 et
928 3457 1195 3545 componendos..

62 3556 159 3623 certe
178 3557 277 3620 etiam
295 3556 331 3620 in
349 3557 498 3621 convivio
512 3556 631 3621 nobis
619 3557 759 3622 invicem
779 3558 943 3646 psallendo
958 3550 1190 3645 propinamus,

61 3660 205 3723 nostram
223 3658 382 3723 lenientes
395 3655 621 3745 cupiditatem,
652 3668 686 3721 et
700 3655 810 3723 Deum
824 3660 1036 3743 glorificantes
1046 3672 1197 3748 propter,

60 3757 222 3844 copiosam
247 3755 456 3825 donationem
480 3779 595 3823 eornm
621 3757 736 3844 quilius
760 3762 909 3825 iniuntur
934 3758 1101 3839 homines,
1142 3773 1192 3827 et.

61 3856 153 3943 qnod
170 3870 327 3947 perpetuo
347 3860 526 3947 suppeditet
542 3859 737 3925 nutrimenta
757 3859 799 3923 ed
810 3862 1192 3951 augmentumcorpocis,

61 3968 98 4020 et
113 3957 248 4025 animae.
289 3958 344 4025 Est
355 3974 464 4027 autem
477 3965 709 4047 supervacanea
727 3959 903 4048 respuenda
916 3962 1033 4026 mufica
1048 3963 1102 4025 illa
1115 3965 1175 4026 ni-
1187 4004 1196 4043 ·.

62 4057 128 4125 mie
141 4060 320 4145 anneot„
340 4082 423 4150 quae
439 4063 558 4145 srangst
568 4061 695 4127 animm
707 4072 741 4125 et
751 4064 840 4129 ‘vecie
855 4062 955 4129 afficit
966 4064 1192 4152 pastionibus„
