2572 4770
389 274 558 378 Origeme
583 280 834 380 (Ttreotogia).
1095 303 1168 369 tor

52 469 138 531 lerra
166 478 316 546 magnam
343 468 411 530 vim
437 469 559 550 angelis
582 467 681 529 etiam
707 469 747 529 ab
767 465 909 549 Origene
930 465 1020 531 Deus
1046 466 1168 539 dedisse

51 567 180 631 dicitur.

140 665 291 730 Jamvero
318 689 391 729 cum
417 660 507 742 εἰκὸς
534 668 597 731 else
620 664 702 729 dicat
721 666 826 729 noster
844 654 891 751 api
911 658 984 752 θεῷ
1008 651 1049 735 ori
1065 655 1170 753 μόνον

54 758 295 853 προεγνῶσθαι
319 760 362 828 τὰ
385 756 543 845 ἐσόμενα,
577 759 663 831 ἀλλά
687 767 744 829 καὶ
772 762 1077 850 προδιατετάχθαι,
1109 774 1170 841 καὶ

54 866 160 952 μηδὲν
185 856 275 949 αὐτῷ
305 854 399 951 παρὰ
423 860 466 929 τὰ
492 862 802 953 προδιατεταγμένα
830 861 985 950 γίνεσθαι
1010 871 1066 952 (de
1087 889 1167 941 oret.

56 991 83 1030 c.
102 978 129 1032 5.
152 967 258 1045 vol,l,
276 973 369 1047 204),
397 988 462 1030 non
482 971 583 1053 potest
600 968 641 1029 ad
662 966 876 1030 dubitationes
896 982 1008 1033 eorum
1025 992 1091 1037 non
1111 996 1170 1040 re-

54 1065 239 1153 spondere,
285 1071 340 1153 qul
371 1069 536 1147 ingentem
571 1064 783 1131 doctrinae
820 1067 869 1131 de
902 1072 1169 1151 providentia

56 1187 146 1231 cum
174 1166 365 1231 doctrina
393 1168 440 1231 de
467 1170 666 1233 libertate
692 1170 897 1232 hominurn
924 1192 1170 1256 repugnem

54 1270 156 1333 tiam
176 1270 322 1333 invenire
340 1271 398 1331 fibi
412 1268 592 1334 videantur.
640 1270 749 1349 Quare
767 1288 793 1335 c.
809 1269 944 1350 Cernit,
960 1284 1013 1338 20.
1034 1296 1066 1360 p.
1084 1280 1168 1343 4⁰52

55 1370 239 1450 „Gelsne”,
262 1374 323 1449 ait,
345 1382 481 1456 „putnt,
504 1369 592 1458 quod
603 1371 798 1457 praedictum
812 1373 874 1449 est,
895 1371 971 1435 ideo
983 1374 1071 1455 fieri,
1093 1380 1170 1465 quio

54 1469 255 1557 praedictum
271 1476 334 1551 el't3
362 1470 396 1532 id
418 1490 496 1533 vero
517 1473 566 1533 illi
584 1469 791 1534 nullomodo
811 1472 1005 1537 assentimur.
1053 1477 1169 1566 Neque

55 1573 146 1635 enim
165 1571 319 1650 dicimus,
348 1588 424 1634 eum
447 1574 502 1657 qui
521 1571 680 1657 praedixit
698 1577 821 1636 causam
839 1571 913 1634 ideo
934 1577 1014 1654 esse,
1043 1598 1099 1640 cur
1116 1590 1169 1644 res

51 1672 163 1739 futura
180 1675 236 1752 lit,
265 1674 339 1759 quia
360 1672 518 1758 praedixit
531 1694 604 1735 eam
622 1675 857 1751 estefuturan13
884 1672 938 1735 sed
953 1696 1026 1738 curn
1044 1699 1095 1742 res
1108 1682 1170 1743 fua
1245 1659 1248 1665 ¹

54 1784 146 1852 tnta,
172 1777 295 1837 etinmli
316 1771 476 1858 praedicta
496 1793 562 1834 non
582 1775 676 1851 ell'et,
702 1774 809 1835 sutura
823 1776 877 1849 lit,
902 1775 990 1837 illam
1004 1779 1051 1839 lui
1067 1801 1169 1865 prees

55 1868 211 1939 dicendae
229 1877 337 1937 locurn
359 1874 536 1959 praebuilse
550 1863 615 1950 illi,
643 1872 696 1956 qui
710 1876 892 1959 praenoscit.
931 1876 1047 1961 'Atque
1061 1893 1167 1949 totum

53 1976 119 2039 hoc
138 1977 247 2039 animo
260 1981 350 2056 ejus,
377 1975 432 2060 qui
446 1971 615 2058 praedicit,
644 1975 843 2036 obversatur:
870 1992 942 2036 cum
955 1996 1006 2038 res
1017 1980 1096 2043 haec
1109 2004 1169 2046 aca-

55 2077 164 2142 cidere
183 2080 278 2163 poslit
295 2087 327 2138 et
344 2075 436 2159 poffit
454 2094 520 2135 non
535 2072 693 2151 accidere,
715 2096 734 2136 e
751 2074 876 2137 dnobus
891 2077 952 2138 hoc
966 2096 1068 2143 nnnru
1082 2074 1171 2148 acci*
1250 2154 1253 2159 Ι

56 2179 123 2242 det.
164 2179 278 2263 Neque
299 2175 452 2252 dicimus,
479 2195 499 2235 a
515 2177 740 2258 praenoscente
760 2168 861 2253 ellici,
891 2188 927 2237 nt
946 2194 999 2241 res
1017 2186 1178 2253 antevea'·
1238 2250 1241 2257 ,

54 2280 126 2343 nire
147 2288 203 2341 eut
218 2294 284 2340 non
299 2277 430 2339 evenire
443 2276 555 2361 possit,
582 2276 628 2338 ita
641 2277 747 2362 utqui
762 2277 937 2360 praenoscit
958 2277 1058 2346 dicat:
1085 2288 1167 2357 haec

53 2395 108 2461 'rep
120 2382 253 2444 ornnino
265 2378 372 2441 futura
386 2376 447 2453 est,
474 2386 506 2438 et
519 2368 590 2439 fieri
605 2392 670 2439 non
683 2380 783 2463 potest
796 2388 832 2438 ut
845 2379 938 2440 aliter
950 2380 1014 2444 liat.
1056 2382 1168 2473 Atque

53 2482 260 2546 uectatione
281 2471 418 2556 intelligi
443 2491 502 2562 par
522 2481 568 2540 est
591 2496 704 2540 ornnes
725 2477 974 2562 praedictiones,
1009 2505 1091 2568 quae
1113 2484 1169 2556 vel

53 2578 90 2647 in
110 2577 222 2645 divina
234 2579 402 2665 scripturn,
431 2580 486 2640 vel
503 2571 743 2643 inGraecorurn
757 2579 893 2641 historiis
910 2584 1112 2667 reperiuntur
1126 2590 1169 2656 de
1237 2642 1241 2651 ,

55 2678 113 2764 iis,
147 2680 287 2769 quaein
313 2680 418 2742 nostro
440 2680 541 2764 posita
561 2681 634 2741 sunt
644 2681 753 2741 libero
777 2681 953 2761 arbitrio;’'
985 2693 1017 2745 et
1041 2686 1165 2757 omnm„

56 2786 96 2850 Τ.
110 2782 172 2863 III,
194 2795 212 2848 6
233 2783 270 2843 in
281 2779 396 2845 Genes.
417 2781 482 2841 vol.
497 2778 540 2858 H,
565 2793 604 2845 to
622 2782 684 2865 sq.:
724 2781 862 2859 „Deus‚
895 2778 982 2866 quod
1005 2784 1094 2848 nulla
1115 2803 1168 2856 res·

10 2954 12 2961 ,
55 2887 184 2950 cansam
212 2898 279 2945 non
309 2882 426 2942 habeat
450 2880 614 2965 aliquam,
660 2877 738 2944 dnm
764 2883 820 2943 sub
849 2882 952 2967 ipsum
979 2885 1065 2948 orbis
1088 2900 1169 2953 moa

10 3030 13 3061 ς
53 2982 159 3053 liendi
182 2975 375 3072 principium
397 2986 504 3043 suttna
529 2980 711 3062 singulatim
738 2980 845 3042 omnia
868 2990 977 3044 mente
1001 2992 1167 3073 percurrit,

10 3096 13 3135 ῑ
53 3079 412 3152 videtillicolifuctnrn
427 3083 487 3144 hoc
502 3083 579 3161 erit,
600 3078 681 3143 illud
691 3078 824 3165 proinde
837 3082 1061 3168 sequntnrurn3
1080 3090 1168 3177 quod
1215 3072 1219 3079 Ι

53 3184 114 3254 nbi
127 3184 296 3264 exstiterit,
325 3184 456 3246 ter-tium
477 3205 519 3247 ex
540 3205 578 3247 eo
601 3181 755 3269 quiddam
774 3184 983 3266 nptnmfore3
1010 3188 1072 3252 hoc
1087 3193 1169 3259 itenr

25 3268 30 3281 ⁸
54 3286 239 3378 lipolitum
255 3288 332 3364 erit,
358 3298 391 3348 et
412 3288 607 3371 consequens
628 3282 710 3346 illud
731 3283 894 3360 futnrnm3
920 3283 1029 3371 ituqne
1048 3288 1090 3353 ad
1111 3314 1169 3357 10.-

54 3404 130 3458 tuln
155 3392 257 3455 tinem
278 3377 424 3449 omnium
443 3387 623 3466 cognitione
642 3383 813 3470 perducta,
848 3381 1003 3469 quidquid
1020 3391 1169 3459 futurum

54 3492 102 3557 est
112 3486 282 3570 intelligit3
311 3510 369 3551 nec
381 3499 488 3549 tamen
509 3484 677 3567 cujuslibet
690 3485 822 3547 omnino
833 3484 899 3564 rei,
927 3500 983 3575 tor
995 3488 1056 3553 hoc
1068 3492 1171 3558 illove

55 3588 156 3657 modo
182 3592 328 3667 eveniat,
365 3592 456 3652 enula
481 3585 635 3650 dicendus
659 3590 713 3650 est.
771 3583 1055 3661 Quemadmodum
1080 3594 1170 3658 enim

54 3691 82 3759 li
95 3710 194 3782 quem
207 3688 369 3779 imperitia
381 3682 588 3754 temerarium
601 3709 636 3750 ac
648 3676 854 3773 praecipitem
874 3686 938 3748 esse
955 3688 1082 3770 videas,
1109 3715 1170 3758 eas.

55 3810 121 3881 qne
140 3794 321 3856 temeritate
341 3793 513 3878 impulsum
536 3790 658 3851 lubrico
681 3788 745 3851 sese
765 3788 872 3850 itineri
890 3792 1104 3866 committere,
1134 3808 1170 3861 et

54 3912 134 3959 enm
147 3896 275 3959 labente
290 3896 486 3979 sallenteqne
501 3881 631 3970 vestigio
652 3890 811 3951 ruiturum
831 3891 1009 3970 intelligas,
1038 3893 1097 3977 ipsi
1115 3907 1171 3959 tau

53 4014 136 4059 men
159 3995 368 4082 prolapsionis
395 3997 485 4058 causa
513 4008 655 4056 nones:
693 3981 739 4057 ita
765 3992 861 4076 plane
886 3989 1086 4056 sentiendum
1112 3999 1169 4079 est,

53 4096 146 4177 Deo,
175 4096 278 4181 quod,
304 4094 482 4177 cujusmodi
495 4096 630 4181 quisque
642 4094 679 4153 lit
690 4093 833 4168 sntttrus,
855 4089 1066 4174 praeviderit,
1088 4120 1171 4161 cau..

27 4196 105 4265 saa
136 4198 237 4272 etiarn
265 4220 320 4263 cur
353 4197 513 4279 ejusmodi
541 4196 580 4260 fit
608 4198 758 4270 suturas,
799 4208 944 4277 quaeque
974 4194 1014 4253 ab
1046 4216 1087 4260 eo
1115 4204 1170 4266 vet

117 4316 120 4323 ·
759 4291 788 4355 N
