2572 4770
46 260 52 277 ⁹
111 298 198 383 λ,ἑὶδο
449 274 535 366 Cap·
557 273 629 342 sss.
680 269 911 362 Dogmatica.

125 459 317 557 ραπλῆσιον
343 438 491 532 διδόντες
516 449 672 538 γίνεσθαι
696 447 739 514 τὰ
764 449 822 514 xus
845 443 923 534 ἕξης
951 443 1018 523 ἕως
1038 444 1102 533 τῆς
1123 464 1241 512 ouvra-

125 562 219 642 iriae
232 562 293 626 τοῦ
307 555 433 632 παντὸς
450 550 572 629 αἰῶνος
586 543 626 616 οὗ
640 544 932 636 φοβηθησόμεθα,
954 561 988 611 et
999 549 1114 610 homil.
1129 547 1157 626 1,
1175 550 1240 614 sin

124 659 467 736 Levit.'v01.ll‚1eo:
494 654 586 719 ”Nili
602 652 676 739 quia
692 655 819 732 fortem
844 653 968 740 inquit,
995 651 1085 711 ”hoc
1106 649 1241 732 intelligi

127 767 232 833 voluit
251 761 403 843 (llsosee),
436 753 522 842 quod
544 754 668 836 sanguia
682 753 754 817 Jesu
776 774 843 816 nou
863 753 966 817 solum
984 751 1018 815 iu
1038 749 1243 816 Hierusalem

128 866 246 933 effusus
267 865 328 939 est,
360 857 416 920 ubi
434 867 503 918 erat
518 855 617 918 altare
630 865 662 917 et
675 853 756 916 basia
770 857 840 932 ejus
852 864 886 916 et
898 853 1140 916 tabernaculum
1151 854 1241 916 tetti-

127 966 250 1044 monii3
280 959 333 1025 sed
353 971 386 1022 et
404 956 491 1044 quod
506 956 598 1042 super
612 953 695 1016 illud
711 954 827 1032 altare,
845 952 932 1040 quod
946 952 1037 1016 estin
1051 953 1168 1034 coelia,
1188 955 1241 1017 ubi

129 1065 306 1134 et=ecclesia
319 1058 556 1148 primitivorum
570 1057 633 1134 est,
660 1051 749 1116 idem
767 1053 834 1137 ipse
850 1054 976 1134 sanguia
997 1056 1140 1141 aspersus
1154 1056 1240 1134 erit„

130 1158 357 1258 (praeterimus
371 1159 489 1221 scilicet
503 1157 606 1234 locos,
633 1153 689 1240 qui
707 1151 749 1216 ‹le
764 1153 893 1218 Veteris
909 1153 949 1219 T.
965 1155 1124 1219 sententie
1146 1155 1241 1221 cii-

128 1275 213 1337 rtum
233 1277 270 1328 ut
288 1262 437 1342 angelum
455 1260 490 1320 in
508 1268 593 1320 terra
610 1254 788 1341 apparuisse
807 1251 932 1335 dicunt,
946 1290 991 1305 -
1008 1256 1116 1319 veluti
1130 1255 1239 1320 homil.

128 1368 223 1447 Vlll,
240 1378 257 1432 8
274 1365 307 1426 in
324 1361 438 1426 Gener.
450 1358 515 1420 vol
529 1354 572 1434 Π,
588 1363 645 1434 883
666 1356 702 1416 in
713 1352 788 1418 soh.
801 1355 841 1419 T.
857 1354 884 1420 Ι,
903 1359 969 1420 rol.
983 1355 1035 1424 IV
1036 1406 1045 1437 ,
1059 1369 1101 1426 86
1118 1357 1189 1439 (ed.
1201 1360 1240 1423 ll.

130 1470 176 1549 11,
196 1471 269 1545 32),
290 1495 332 1510 -
364 1461 483 1554 quippe
505 1457 640 1520 minima
661 1455 918 1540 comprobantes,
951 1459 1062 1522 iccirco
1076 1459 1241 1526 tChristum

131 1571 231 1636 etiam
244 1563 393 1642 angelum
408 1560 442 1622 in
456 1559 545 1621 coelo
559 1578 617 1644 pro
631 1556 754 1637 angelis
767 1557 892 1644 pessum
910 1559 1007 1639 esse);
1037 1581 1114 1624 cum
1137 1573 1241 1626 contra

131 1670 173 1737 L,
187 1668 230 1732 V.
246 1666 280 1727 in
299 1661 395 1724 Rom.
409 1661 474 1725 vol.
488 1658 547 1736 lv,
564 1669 623 1724 568
644 1656 753 1720 mirari
775 1659 808 1719 ie
829 1653 929 1736 dicat,
960 1658 1148 1746 ”qnondam
1165 1682 1240 1726 eon-

56 1774 60 1781 “
132 1783 182 1834 tra
195 1769 277 1830 hauc
293 1760 559 1826 evidentissimam
571 1757 664 1822 l'auli
677 1757 868 1821 sententiam
879 1760 966 1822 velle
978 1762 1132 1841 asserere,
1160 1757 1239 1849 quos

132 1870 169 1934 in
185 1865 301 1929 suturis
322 1862 440 1926 iterum
459 1860 572 1923 seculis
593 1861 649 1922 vel
666 1855 780 1921 eadem
797 1859 853 1921 vel
864 1859 977 1923 similia
991 1861 1059 1948 pati
1072 1861 1238 1927 necessest

133 1968 310 2045 christum,
340 1974 378 2025 ut
395 1960 522 2024 liberari
540 1962 657 2045 possint
677 1960 775 2023 etiam
791 1958 844 2040 hi,
870 1981 951 2045 quos
964 1960 997 2023 in
1010 1964 1170 2048 praesenti
1182 1963 1238 2026 viu

134 2065 377 2158 dispensationis
390 2065 460 2143 ejua
472 2060 630 2125 medicina
641 2063 751 2125 sanare
770 2082 837 2124 non
854 2060 1000 2147 potuit„
1046 2060 1134 2127 Item
1151 2065 1238 2151 penso

134 2175 220 2262 post:
255 2166 346 2232 ”Sed
362 2161 403 2224 ad
417 2164 544 2241 haec,‚,
571 2163 692 2249 inquit,
713 2163 802 2226 ”noa
815 2162 955 2244 lueriter
964 2173 1063 2248 prout
1083 2165 1239 2250 possumus

47 2266 55 2278 ’
133 2268 407 2357 respondebimus.
435 2262 567 2326 Manere
579 2261 711 2349 quidem
723 2274 855 2326 naturae
870 2261 1051 2326 rationabili
1064 2265 1191 2352 semper
1201 2265 1240 2331 li·

132 2376 248 2437 berum
269 2365 433 2429 arbitrium
457 2384 524 2425 non
549 2384 723 2444 negamur,
755 2361 812 2428 sed
834 2373 957 2426 tautam
977 2365 1043 2426 esse
1061 2365 1133 2428 vim
1150 2364 1239 2430 crum

132 2452 250 2537 ¹Christi
261 2478 293 2530 et
304 2464 418 2528 mortio
432 2463 546 2542 hujus,
574 2485 670 2549 quam
689 2463 727 2526 in
747 2464 926 2528 seculorum
938 2463 1005 2536 sine
1019 2464 1175 2553 succepit,
1195 2468 1241 2533 as·

132 2562 285 2645 'serimum
306 2578 342 2629 ut
357 2562 401 2628 ad
414 2563 579 2626 sanitatem
591 2575 624 2625 et
639 2561 820 2626 remedium
834 2584 900 2626 non
910 2563 1014 2626 solum
1026 2569 1204 2650 praesentia
1213 2577 1243 2632 et

136 2671 252 2749 arturi,
274 2663 438 2729 sedetiam
454 2662 697 2751 praeteritorum
709 2665 904 2743 seculorum,
932 2675 966 2727 et
985 2686 1052 2729 non
1064 2656 1170 2734 solum
1181 2671 1243 2734 lra-

35 2765 39 2774 ’
137 2793 235 2838 mano
248 2768 324 2832 huic
336 2765 440 2829 nostro
453 2762 575 2841 ordini,
603 2761 777 2828 sedetiam
800 2765 987 2829 coelestibus
1004 2765 1244 2853 virtutibuaon-

137 2871 329 2955 dinibuaque
357 2863 498 2929 sufficiat.
556 2862 741 2933 Secundum
770 2865 959 2929 sententiam
985 2888 1128 2956 namque
1152 2872 1243 2960 ipsine

136 2970 230 3037 Pauli
248 2967 380 3055 apostoli
401 2963 542 3030 Christus
561 2965 740 3053 pacificavit
758 2985 817 3052 per
839 2968 1026 3056 sauguinem
1053 2973 1156 3055 crucis
1176 2976 1245 3039 suna

99 3083 102 3089 ’
138 3091 204 3133 non
217 3071 319 3133 solum
332 3086 414 3153 quae
429 3066 464 3129 iu
480 3069 664 3146 terrulam,
694 3063 749 3129 sad
766 3078 799 3128 et
820 3088 902 3151 quae
917 3068 950 3130 iu
965 3070 1101 3152 coelia„
1150 3072 1244 3140 Porro

137 3171 227 3234 hom.
240 3168 369 3247 XXIV,
389 3184 404 3236 1
427 3167 569 3233 iulium.
589 3167 655 3228 rol.
670 3164 714 3245 Π,
729 3174 789 3233 563
809 3169 908 3231 talem
926 3171 991 3237 esse
1010 3171 1094 3235 hanc
1113 3176 1242 3240 haithca

136 3272 199 3351 ait,
229 3270 291 3332 ”ut
308 3290 372 3331 una
396 3269 461 3333 sola
478 3266 633 3331 sufficeret
650 3288 707 3353 pro
722 3267 820 3332 totius
832 3269 947 3332 muudi
959 3271 1068 3334 salute.
1077 3321 1098 3352 „
1143 3273 1243 3351 Deni-

136 3392 202 3460 que
219 3369 258 3434 T.
275 3367 301 3434 l.
323 3369 358 3430 in
374 3368 448 3432 soh.
468 3365 520 3432 ed.
536 3367 577 3431 H.
594 3367 637 3446 Π,
654 3380 693 3434 88
717 3367 857 3433 Chrislm
876 3367 989 3433 dicitur
1009 3368 1116 3457 μέγας
1132 3369 1243 3466 ἀρχη-

137 3465 215 3557 (tatic
221 3513 231 3544 ,
253 3460 312 3547 οὐχ
324 3458 411 3554 ὑπὲρ
425 3459 614 3553 ἀνθρώπων
629 3463 747 3551 μόνον,
775 3463 861 3534 ἀλλὰ
881 3469 939 3535 καὶ
956 3469 1084 3550 παντὸς
1097 3473 1242 3562 λογικοῦ,

134 3566 195 3658 τὴν
207 3562 301 3645 ἅπαξ
313 3563 438 3632 θυσίαν
451 3571 728 3652 προςενεχθεῖσαν
741 3561 860 3635 ἑαυτὸν
875 3563 1061 3656 ἀνενεγκών.
1109 3576 1242 3643 Bretina

16 3710 19 3717 ·
134 3671 158 3735 l.
176 3672 198 3734 l.
217 3693 270 3756 qu.
287 3681 316 3736 3.
340 3673 363 3752 l.
378 3680 429 3736 25.
452 3690 483 3754 p.
500 3681 541 3736 60
562 3672 737 3750 genuinam
756 3668 798 3734 de
816 3684 918 3735 morta
937 3671 1052 3738 Christi
1071 3671 1243 3742 doctrinam

135 3770 286 3859 origenis
302 3771 385 3832 hanc
403 3768 496 3830 suisse
521 3772 640 3832 censet:
671 3772 770 3834 semel
787 3772 920 3834 omuino
941 3771 1104 3838 Christum
1127 3778 1241 3859 obiisse,

133 3872 274 3937 interris
287 3872 457 3948 nimirum3
485 3869 651 3954 postquam
669 3882 780 3934 autem
797 3883 928 3934 cruento
944 3872 1010 3936 illic
1025 3880 1241 3952 mactatuasa·

134 3971 250 4035 crisicio
270 3971 441 4033 homiuum
463 3981 587 4056 peccata
613 3971 746 4049 eluerit,
780 3972 912 4058 spiritali
934 3972 1076 4060 quodam
1098 3980 1241 4045 merisne

134 4073 318 4134 coelestium
332 4068 528 4158 aliarumque
544 4091 667 4149 rerum,
695 4090 777 4158 quae
797 4072 929 4135 rationis
949 4088 1118 4160 compotes
1137 4082 1241 4155 esseut,

105 4224 110 4233 ,
131 4189 236 4257 noxae
260 4172 443 4238 eouerfiiie.
497 4171 710 4263 Nequephuic
732 4173 907 4239 sententiae
924 4173 1015 4241 loom
1034 4176 1189 4247 humill.
1209 4176 1242 4243 io
