2572 4770
48 224 123 309 sss
297 178 300 183 ⁵
362 194 460 321 'oapss
487 229 557 298 ιιι.
609 226 875 319 υοειιαιια

47 437 113 479 noo
129 413 173 477 el't
187 409 359 491 ingenitus.
367 409 388 443 ’'
435 407 487 472 Ex
503 408 556 472 his
570 410 635 487 jam
652 388 809 494 sequitur,
838 404 985 490 Didymo
1002 405 1164 474 diabolum

47 537 113 579 non
128 515 190 576 esse
206 521 317 572 natura
331 511 473 588 malum,
501 511 607 595 lapsus
625 509 671 570 est
689 510 795 595 potius
808 510 956 572 libertate
973 506 1108 589 abutes3
1133 509 1167 574 id

48 612 138 701 quod
160 622 324 697 praeterea
343 611 453 672 multis
473 612 577 672 noster
595 609 672 673 locis
691 607 895 673 demonstrat.
938 609 988 673 lte
1001 609 1116 675 Enarr.
1134 613 1168 673 in

50 711 226 783 ttoh.·111.
249 734 280 796 p.
297 709 443 790 830.,G.:
470 709 653 772 ”Diabolus
662 755 701 789 „,
725 711 847 796 inquit,
866 711 963 772 ”non
976 695 1169 775 substantia-

47 815 139 893 liter,
162 800 221 874 'sed
242 812 444 874 voluntariae
468 809 662 896 operationis
683 808 838 872 indicium
860 812 946 890 est„
997 810 1113 877 Enarr.
1135 813 1168 875 in

48 911 124 980 Jud.
143 935 175 998 p.
191 923 263 978 35&
283 912 341 977 G.:
377 913 469 976 ”Nec
488 913 577 990 est„,
604 910 665 988 eit,
692 909 866 974 ”diabolos
879 923 1006 974 terrena
1020 913 1167 975 snbstan-

47 1015 105 1078 τίοι
153 1011 275 1074 Habuit
290 1012 377 1074 enim
399 1011 569 1096 aliquando
587 1008 730 1106 divinam
745 1012 880 1091 gloriam
900 1021 933 1073 et
950 1013 1092 1075 sanomm
1106 1015 1165 1078 Dei

48 1112 230 1190 scientiam,
268 1113 343 1176 licet
373 1112 541 1196 conversos
568 1109 611 1172 de
637 1109 857 1190 magnitudine
887 1121 976 1174 tanta
1008 1113 1163 1180 ceciderit.

48 1210 239 1279 ostenditur
251 1212 360 1299 itaque
373 1233 416 1276 ex
430 1211 592 1276 communi
609 1212 717 1290 sensu,
745 1232 841 1297 quem
858 1211 1015 1276 habemus
1027 1210 1071 1276 de
1082 1237 1165 1278 ,cun-

49 1312 109 1377 otis
128 1313 383 1394 rationabilibus,
410 1312 562 1399 quoniam
585 1331 659 1372 cum
677 1311 738 1373 sint
760 1310 880 1372 arbitrii
900 1311 1012 1386 liberi,
1038 1325 1073 1376 et
1089 1336 1166 1377 con-

48 1413 181 1491 versio„
197 1412 327 1491 (scilicet
342 1415 378 1477 in
388 1414 507 1476 melam
523 1423 664 1498 partem,
693 1432 775 1490 non,
801 1410 849 1473 uti
863 1409 1041 1491 Basnagius
1055 1414 1092 1476 in
1104 1413 1166 1478 Ca-

49 1514 121 1578 nifii
136 1515 220 1576 le'ott.
236 1515 355 1600 antiqu.
370 1538 403 1601 p.
425 1529 482 1582 199
496 1515 673 1577 inconsulto
687 1511 778 1591 dicit,
805 1511 838 1574 in
853 1513 986 1592 bonam)
1005 1513 1073 1576 ”fit
1086 1516 1167 1579 fatte

50 1614 187 1693 diaboli,
210 1624 321 1675 natura
334 1635 400 1677 non
413 1618 519 1677 malus
535 1617 588 1677 est.
614 1663 621 1679 .
644 1662 653 1679 .
699 1614 883 1678 Voluntatis
896 1613 982 1674 enim
997 1614 1085 1694 ejus,
1103 1638 1167 1679 non

49 1714 199 1778 essentiae
214 1711 465 1779 diaboli-nomen
479 1717 538 1786 est,
566 1727 601 1777 ut
615 1717 799 1800 frequenter
811 1711 931 1776 dictum
945 1714 1001 1776 est.
1011 1761 1031 1793 „
1078 1714 1167 1780 Con-

48 1810 256 1877 traManich.
278 1836 311 1900 p.
328 1828 413 1915 307:
447 1805 559 1889 Ἀλλ’,
594 1815 716 1902 inquit,
746 1803 820 1878 οὐδ’
844 1806 945 1888 αὐτὸς
967 1802 986 1876 ὃ
1007 1805 1167 1895 διάβολος

49 1908 136 1977 κατὰ
160 1906 263 1999 φύσιν
282 1911 401 1992 κακὸς,
435 1906 512 1980 ἄλλ’
535 1909 571 1978 ἔκ
594 1911 725 2000 τροπῆς
743 1913 805 1977 τοῦ
825 1907 916 1977 ἰδίου
936 1903 1190 1994 αὖτεξαυσίοα,’

48 2026 84 2076 et
99 2014 142 2078 ib.
163 2036 195 2099 p.
214 2028 294 2089 211,
328 2018 489 2103 explicitis
511 2015 628 2078 diaboli
652 2015 850 2091 nominibus,
885 2014 946 2074 ait:
987 2006 1033 2077 Εἰ
1058 2011 1167 2081 τοίνυν

51 2107 111 2176 διὰ
129 2106 263 2178 πάντων
285 2102 331 2179 ὧν
349 2113 505 2202 σημαίνει
524 2108 542 2178 ὁ
559 2110 738 2202 ἂρχέκακος
752 2112 809 2179 καὶ
827 2110 960 2196 πρῶτος
972 2105 1167 2202 ἀποστάτης

7 2296 10 2303 ⁴
48 2212 111 2297 τῆς
122 2206 242 2302 ἀρετῆς
257 2216 503 2302 προαιρετικῶς
516 2211 588 2281 ἐστὶ
599 2216 771 2294 τοιοῦτος,
799 2206 839 2279 ori
852 2209 992 2277 δύναται
1006 2207 1086 2282 κατ’
1106 2209 1164 2282 οὗ·

49 2307 129 2376 τίαν
151 2302 237 2379 εἶναι
257 2308 368 2393 κακός.
427 2317 607 2397 „Inimicus
625 2316 688 2379 Dei
711 2318 767 2396 (ib.
788 2338 821 2401 p.
838 2319 914 2395 213)
939 2337 1005 2378 non
1023 2317 1167 2399 ingenite

51 2427 160 2479 contre
179 2437 255 2477 eum
271 2417 302 2477 se
316 2415 452 2496 extulit,
475 2416 528 2479 sed
547 2418 654 2501 potius
667 2419 769 2481 factus
782 2429 819 2480 ut
831 2419 908 2479 esset
922 2419 1048 2500 bonus,
1070 2435 1168 2507 pote-

49 2517 163 2579 statem
190 2513 317 2576 virtutis
344 2513 517 2599 capiendae
541 2517 763 2601 imperfectam
787 2528 820 2581 et
843 2537 989 2581 mancam
1011 2522 1167 2605 servavit3

49 2617 240 2704 potestatem
256 2636 333 2678 vero
349 2616 420 2677 vitii
439 2615 631 2701 suscipiendi
644 2616 684 2679 ad
700 2631 806 2680 notum
824 2617 985 2705 perduxit.
994 2621 1014 2653 ’'
1058 2621 1168 2703 Quare

48 2716 130 2780 vitto
146 2735 347 2801 nequaquem
360 2715 550 2787 vertendum
569 2721 614 2781 est
626 2720 716 2798 Deo,
739 2718 900 2782 diabolum
915 2722 1049 2802 creasse,
1076 2726 1168 2787 etita

49 2814 183 2902 quidem
198 2818 318 2894 noster,
346 2816 388 2879 ib.
407 2839 440 2903 p.
455 2830 517 2885 212
532 2819 583 2882 his
597 2822 704 2884 verbis
717 2821 826 2883 sactis:
859 2820 1027 2899 „Fortasse
1041 2820 1169 2890 dicent:

50 2939 107 2982 eur
125 2936 219 2995 eum,
247 2917 302 3001 qui
315 2917 443 2980 futurus
457 2932 524 2982 erat
537 2921 729 3007 perniciosus
743 2931 776 2983 et
790 2921 935 3005 pestifer,
956 2924 1063 2989 bonus
1076 2924 1168 2993 Dens

48 3014 253 3104 produxit?”
282 3017 326 3080 ib.
349 3018 534 3105 respondet:
570 3011 644 3083 Κᾶν
663 3017 723 3104 τὴν
745 3012 863 3083 οὐσίαν
883 3012 942 3106 τήν
960 3021 1169 3115 καλρυμίαην

50 3108 213 3197 διάβολοι
233 3105 347 3195 bertr
361 3115 535 3207 ἐποίησεν,
560 3113 634 3201 οὐχὶ
648 3114 807 3204 διάβολοι
820 3115 924 3209 αὐτὴν
933 3119 1170 3217 ’ἐδημιούργη-

50 3234 125 3295 nav,
158 3207 246 3281 ἀλλὰ
267 3215 418 3306 δεκτικὴν
435 3211 575 3306 αρετῆς,
609 3214 665 3284 ἵνα
685 3214 808 3307 ταύτην
833 3214 907 3312 ἔχῃ,
934 3224 992 3288 καί
1012 3224 1168 3319 δεκτικὴν

50 3310 188 3396 κακίας,
213 3310 268 3381 ἵνα
288 3314 411 3406 ταύτης
429 3313 603 3406 ἀπέχηται.
626 3357 671 3369 -
719 3320 813 3402 Quae
833 3325 894 3386 tint
906 3327 1033 3393 scelesta
1047 3329 1169 3397 diaboii

49 3440 167 3507 opera,
194 3419 319 3505 saepius
337 3420 498 3503 Didymus
519 3421 604 3488 dicit.
650 3413 692 3486 ‘O
713 3414 889 3502 διάβολος,
918 3406 1024 3514 inquit
1046 3456 1072 3498 c.
1092 3433 1169 3498 Ma-

48 3520 137 3584 nich.
161 3543 192 3606 p.
217 3533 297 3596 211,
330 3517 414 3585 θεὸν
438 3512 635 3607 ἀνθρώποις
654 3515 846 3603 διαβάλλει,
879 3526 939 3592 καί
960 3522 1168 3620 ἀνθρώπους

49 3617 141 3707 θεῷ,
169 3619 226 3686 καί
248 3611 370 3695 αὐτοὺς
389 3617 467 3698 τοὺς
486 3615 689 3707 ἀνθρώπους
711 3616 871 3709 ἀλλήλοις
891 3630 1030 3708 („unde
1046 3640 1167 3700 nomen

48 3717 133 3782 istud
158 3721 339 3806 accepit'’),
374 3721 464 3784 omni
490 3721 589 3786 modo
615 3725 672 3802 (ib.
696 3747 726 3811 p.
747 3729 826 3806 213)
851 3728 1039 3797 hominibus
1062 3750 1166 3819 noret,

48 3819 207 3906 bonisque
228 3822 394 3907 separatim
415 3822 470 3903 (de
491 3835 529 3887 tr.
544 3822 587 3902 II,
611 3836 664 3905 27,
685 3828 762 3909 806)
786 3829 938 3915 „semper
958 3833 1083 3899 invidet
1107 3860 1169 3902 eo-

48 3937 187 4005 rumque
208 3920 403 3986 adversarius
416 3924 497 3987 est.”
545 3924 637 3989 Hanc
655 3928 743 3989 sunm
758 3927 930 3993 efficaciam
948 3939 1121 4024 praecipue
1133 3943 1168 4004 in

48 4016 134 4082 Juda
156 4021 302 4087 ostendit.
349 4023 604 4106 ”Observans„,
640 4025 802 4109 Didymus
829 4031 874 4093 ait
900 4031 941 4096 de
961 4036 1006 4120 sp.
1026 4040 1165 4107 sotolll.

49 4138 84 4204 p.
101 4131 179 4202 528,
207 4122 382 4190 ”diabolus
402 4124 592 4211 quibusdam
611 4130 753 4196 motibus
768 4142 802 4194 st
819 4135 1044 4218 operationum
1061 4141 1164 4225 tignis,
