2572 4770
118 241 191 307 806
441 221 528 309 cap.
554 215 626 287 111.
678 198 910 303 Dogmntica'.

119 426 153 477 et
175 429 257 497 quae
278 415 423 466 naturam
447 399 622 461 humanam
648 396 811 480 superant,
846 390 948 453 literis
973 389 1129 455 mandata
1156 394 1234 481 sunt,

120 513 225 576 vester
244 508 377 591 iuquam
396 501 558 581 legislator
570 495 690 573 illusas,
718 491 829 582 quide
843 493 875 552 ie
888 492 955 576 ipso
968 493 1107 580 scripsit,
1134 507 1167 556 et
1178 494 1236 558 Je-

121 614 174 675 sus
194 606 342 686 magister
362 604 485 679 noster,
510 599 565 687 qui
584 597 711 660 nullum
733 592 775 656 de
795 597 828 658 se
846 594 995 679 scriptum
1013 594 1163 680 reliquit,
1184 593 1236 658 iad

117 709 166 774 „ts
180 728 243 794 quo
257 703 400 789 discipuli
413 705 484 781 ejus
499 699 674 779 evangeliis
691 695 906 759 testimonium
922 695 1114 781 perhibent:
1136 717 1236 782 quse-

124 830 201 875 nam
224 810 304 869 haec
333 803 461 889 partitio
485 803 531 862 est
550 799 631 863 Moli
657 795 787 885 quidem
811 795 923 858 haberi
947 794 1048 858 sidem
1069 808 1105 859 ut
1122 800 1236 877 veraci,

124 909 274 998 quamvis
292 902 445 988 Aegyptii
468 901 674 986 impostorem
701 917 777 958 eum
799 898 893 960 fuisse
917 908 950 959 et
967 899 1100 978 magicis
1118 900 1238 963 artibus

123 1007 269 1098 prodigia
296 1004 393 1067 edere
418 1003 521 1064 visum
546 1002 609 1063 elie
632 998 884 1078 calumnientur3
916 998 990 1064 Jeiu
1009 1020 1089 1061 uero
1110 1021 1238 1065 omnem

124 1109 271 1189 abrogari
288 1104 405 1182 srdem,
435 1103 509 1189 quia
527 1122 587 1164 vos
607 1101 699 1162 illum
718 1097 891 1162 incusatis?
939 1101 1021 1164 Nam
1043 1102 1171 1188 utrique
1186 1104 1237 1165 sua

125 1230 206 1291 gens
218 1207 449 1295 patrocinatur:
475 1203 494 1266 J
498 1201 591 1264 udaei
605 1196 737 1286 quidem
750 1195 849 1279 Moti,
876 1199 1044 1264 Christiani
1061 1222 1141 1266 vero
1158 1224 1238 1291 quas

126 1308 169 1374 de
185 1309 258 1373 lein
279 1310 318 1368 ab
339 1310 408 1386 ejus
429 1303 589 1388 discipulis
606 1302 717 1388 scripta
735 1301 807 1362 sunt
828 1298 972 1388 prodigia
991 1326 1049 1388 pro
1069 1300 1239 1370 veris'ha-

125 1414 220 1487 bont,
247 1428 352 1493 neque
373 1407 483 1468 iccirco
497 1402 595 1466 alona
613 1401 817 1488 prophetiam
835 1400 1022 1487 repudiant3
1051 1405 1153 1470 immo
1166 1386 1244 1473 hinc.

124 1510 268 1575 maxime
290 1509 477 1568 confirmant
498 1524 580 1591 quae
601 1501 641 1565 de
652 1501 724 1564 Jesu
737 1499 881 1565 credunt.
923 1500 1046 1582 Quodsi
1060 1511 1186 1574 nostrae
1202 1508 1241 1574 de

125 1610 200 1675 lesu
214 1608 292 1673 fidei
307 1608 464 1669 rationem
477 1606 621 1691 poscitis,
649 1603 739 1691 prius
751 1624 810 1665 vos
823 1601 936 1682 dicite,
963 1628 1020 1668 cur
1030 1604 1113 1672 llloli
1127 1608 1240 1675 meda·

126 1710 185 1789 tis,
213 1709 268 1796 qui
286 1708 378 1769 illum
400 1706 581 1792 praecestit3
611 1727 670 1769 nos
691 1704 808 1768 deinde
831 1703 974 1768 dicemus
994 1728 1050 1769 cur
1060 1708 1113 1772 isti
1125 1711 1242 1775 creda-

125 1830 210 1875 mua.
253 1807 316 1872 Sed
331 1810 355 1872 li
368 1808 619 1888 tergiversamini
630 1819 664 1869 et
675 1806 824 1870 recusetis
836 1808 970 1892 probare
984 1830 1040 1871 cur
1052 1810 1085 1872 ei
1095 1811 1239 1894 credmis,

126 1932 188 1975 nos
200 1910 497 1996 impraesentiarum
511 1929 570 1972 vos
582 1908 795 1987 imitabimur,
819 1919 854 1970 et
866 1910 969 1971 nostra
983 1926 1174 1991 argumenta
1188 1928 1238 1979 ta-

125 2011 280 2075 cebimus.
329 2010 548 2076 Nihilominus
565 2009 731 2072 fateamini
745 2009 850 2072 nullas
872 2028 933 2071 ros
950 2006 991 2070 de
1008 2007 1101 2076 Mose
1118 2018 1238 2101 proba.

125 2112 232 2175 tiones
249 2111 386 2188 habere,
412 2121 446 2174 et
464 2108 572 2173 audite
594 2112 712 2174 nostras
733 2106 774 2172 de
785 2107 859 2173 lesu
876 2129 919 2169 ex
936 2108 1007 2191 lege
1027 2125 1060 2176 et
1073 2119 1237 2204 prophetis

127 2210 319 2297 desumptas.
360 2208 402 2273 Et
417 2209 504 2296 quod
516 2213 662 2275 mirabile
674 2214 801 2300 prorsus
814 2212 876 2289 est,
904 2231 987 2297 quae
1000 2215 1093 2279 nobis
1111 2215 1155 2281 de
1166 2218 1234 2285 lesu

127 2312 185 2375 lex
211 2324 243 2373 et
264 2311 440 2396 prophetae
465 2325 650 2392 argumenta
671 2311 889 2399 suppeditant,
924 2310 1041 2376 iisdem
1063 2315 1188 2385 Mosem
1205 2334 1237 2386 st

124 2410 299 2499 propbetas
313 2407 544 2472 demonstratur
558 2414 651 2476 foisse
666 2410 732 2476 Dei
744 2412 954 2499 prophetas?
995 2413 1101 2504 Apud·
1111 2418 1237 2487 Celsum

124 2507 285 2574 iudaeus:
322 2507 502 2589 Innumeri,
528 2512 649 2599 inquit,
677 2511 787 2577 Jesum
813 2526 1003 2596 coarguunt,
1031 2514 1177 2587 dicentes
1198 2521 1238 2588 de

124 2612 158 2676 se
174 2608 440 2697 ipsisflccipienda
454 2611 516 2674 elie
527 2632 611 2698 quae
626 2609 667 2674 de
680 2613 738 2676 illo
752 2613 912 2699 praedicta
923 2617 1062 2695 fuerant.
1106 2621 1238 2710 „Equii

125 2709 246 2789 dem”,
270 2709 425 2791 Origenes
438 2712 606 2801 respondet
617 2713 644 2793 I,
660 2724 708 2781 st.
730 2737 763 2800 p.
778 2726 859 2796 372,
882 2717 1083 2801 ‚,nescimus,
1105 2743 1148 2788 aa
1161 2724 1237 2792 Cel-

123 2817 177 2881 sus
191 2815 360 2903 quospiam
372 2814 571 2895 cognoverit,
602 2816 656 2902 qui
665 2865 674 2896 ,
699 2814 777 2879 dum
789 2817 824 2879 in
835 2819 895 2880 hac
907 2818 974 2880 vita
992 2836 1101 2903 erant,
1122 2824 1236 2892 eadem

124 2936 207 3001 quae
224 2914 315 2977 Jesus
336 2916 463 2993 facere,
492 2926 525 2977 et
545 2912 629 2979 lilios
642 2916 707 2982 Dei
725 2919 758 2979 se
775 2915 901 3001 Deique
923 2924 1101 3004 potentiam
1120 2929 1237 3014 appal-

122 3015 191 3077 lare
204 3015 375 3079 voluerint.
410 3014 492 3078 Cum
505 3027 613 3080 autem
626 3039 743 3100 magno
755 3019 898 3081 veritatis
912 3040 1021 3085 amore
1037 3046 1122 3111 quae
1132 3048 1236 3092 unus-

94 3116 260 3204 lquisque
287 3116 376 3177 locus
404 3116 497 3179 offert
532 3117 772 3203 expendamus,
810 3116 953 3183 dicemus
986 3125 1096 3205 fuisse,
1141 3138 1237 3192 ants-

84 3252 99 3261 ·
122 3237 221 3304 quam
245 3214 335 3280 lesus
356 3218 551 3295 nasceretur,
586 3216 758 3282 Theodam
776 3218 949 3305 quemdam
976 3222 1060 3310 apud
1073 3210 1235 3307 'ludaeos

121 3318 179 3404 qui
199 3319 232 3379 se
245 3336 398 3396 magnum
412 3306 595 3404 quelltpiam
609 3321 756 3397 jactaret:
785 3331 818 3381 at
835 3321 892 3383 vix
906 3322 1047 3386 animam
1061 3324 1235 3405 efflaverat,

121 3439 197 3482 cum
224 3414 361 3502 dissipati
387 3418 459 3479 runt
492 3420 535 3498 ii,
574 3419 630 3504 qui
659 3421 699 3482 ab
725 3420 783 3483 illo
812 3418 936 3508 decepti
962 3427 1101 3491 fuerant.
1163 3427 1236 3493 Pott
1264 3464 1267 3469 ·

101 3520 105 3529 “
120 3520 233 3598 illum,
251 3521 360 3583 census
374 3528 537 3602 tempore,
559 3516 688 3605 quando
700 3522 818 3583 constat
832 3536 943 3586 natum
956 3526 1152 3608 eiselesum,
1171 3527 1237 3591 Ju-

120 3617 186 3693 das:
202 3617 331 3708 quidam
342 3614 517 3682 ,Galilaeae
539 3639 558 3681 a
580 3622 702 3707 populo
718 3620 851 3685 ludaico
874 3622 1025 3691 deficiens
1042 3632 1166 3693 multos
1181 3631 1234 3692 se-

119 3742 194 3791 eum
211 3720 324 3798 traxit,
350 3729 419 3778 tum
440 3718 593 3803 sapientia
615 3743 712 3808 quam
730 3724 914 3804 simulabat,
947 3738 1017 3788 turn
1040 3730 1136 3792 novis
1154 3750 1234 3817 quas

117 3824 310 3885 moliebatur
327 3818 432 3883 rebus.
487 3814 552 3880 Sed
571 3825 743 3908 postquam
758 3824 824 3910 ipse
844 3827 970 3891 sceleris
990 3850 1112 3915 poenas
1133 3828 1232 3909 dedit,

116 3925 267 3986 exstincta
280 3920 384 3985 statim
398 3919 443 3980 est
455 3922 524 3998 ejus
536 3917 694 4002 doctrina,
727 3925 845 3988 necnili
863 3926 949 4012 apud
963 3949 1141 4017 perpaucos
1155 3935 1233 3997 nnl-

114 4021 178 4085 lius
190 4021 331 4086 nominis
345 4018 493 4082 obtinuit.
544 4019 617 4084 Post
628 4023 700 4086 seso
719 4037 865 4111 tempora
884 4027 987 4091 voluit
1010 4043 1043 4093 et
1059 4030 1232 4098 Dositheas

113 4119 246 4209 quidam
270 4118 425 4183 Samarita
450 4118 514 4183 suis
544 4122 751 4208 persuadere,
784 4127 817 4187 se
844 4128 908 4191 esse
935 4126 1096 4198 curuum
1126 4136 1228 4205 ilium,

86 4254 107 4279 ΙΙ
411 4267 417 4280 Ι

117 4306 129 4341 ’-

147 4386 171 4401 *bt

145 4436 177 4469 φ.
259 4426 266 4443 ·'

157 4470 165 4489 Ἰ
198 4494 214 4515 Α

262 4574 303 4625 ΙΙι

239 4680 246 4703 p
282 4666 292 4683 ι

267 4712 271 4725 ι
316 4724 320 4733 ι
