2572 4770
519 352 867 425 ...52-

161 526 211 595 'ex
225 528 358 594 ec'clelia
366 525 595 594 Alexandrina
607 524 842 613 expellendum
857 524 1013 606 decrevit,
1031 547 1100 591 non
1117 526 1230 612 demo·-

90 689 95 695 .
168 646 201 699 ta
215 629 401 720 presbyteri
420 629 575 715 dignitate
596 627 676 707 (τῆς
688 624 799 715 μέντοι
814 628 875 694 τοῦ
886 621 1115 719 πρεσβυτερίου
1135 626 1233 717 τιμῆς

171 727 316 821 ουδαμῶς
328 725 616 810 οἷποκοκινῆοθαο);
651 728 901 817 altercantem,
927 730 970 795 ab
990 730 1148 819 episcopis
1168 731 1234 795 ali-

147 892 150 897 .
172 848 253 924 quot
265 832 493 923 Aegyptiacis,
515 842 598 920 quoa
610 830 802 898 Demetrius
816 833 980 919 co'e'gerat,
1002 831 1125 914 habita,
1149 832 1235 898 Ori-

154 958 289 1026 ,genem
308 957 330 1003 a
348 934 504 1024 dignitate
523 933 731 999 ecclefiallica
748 935 902 1001 removit.
952 935 1042 1003 Huic
1058 933 1233 1000 univerl'ua

170 1036 386 1130 paenelorbia
412 1036 579 1125 (exceptis
599 1037 840 1102 nonnullarum
859 1037 1017 1126 episcopia
1040 1037 1235 1124 provincia-

170 1142 266 1221 rum)
284 1138 551 1206 condemnationi
569 1137 726 1205 conscnlit
746 1136 802 1218 (cl.
814 1139 1016 1228 Hieronym.
1031 1138 1106 1205 adv.
1117 1138 1235 1205 Rufin.

170 1244 228 1311 lib.
242 1245 285 1310 lt.
301 1265 331 1307 c.
343 1234 408 1325 5.).
457 1238 697 1323 „Videtisne,“
725 1243 823 1307 etiam
838 1242 1070 1329 Hieronymus
1088 1241 1236 1306 clamitat

172 1345 325 1432 epilt'ag.
337 1342 380 1407 ad
394 1343 537 1410 Paulam
556 1339 887 1431 topp.‚T.1V.t>.11.
902 1365 935 1431 p.
945 1341 1027 1424 68),
1051 1356 1110 1423 „et
1123 1344 1235 1408 Grae-

82 1476 86 1483 =
173 1468 230 1511 coa
243 1443 370 1534 pariter
383 1456 415 1511 et
428 1445 567 1512 Latinos
580 1447 679 1512 unius
692 1443 1015 1533 laboreluperatosl
1047 1444 1132 1530 Quia
1145 1445 1236 1511 enim

174 1556 323 1634 unquam
347 1559 438 1613 tanta
467 1548 579 1635 legere
599 1546 722 1637 potuit,
774 1559 897 1633 quanta
925 1544 994 1633 ipse
1025 1545 1236 1634 conscriplit?

173 1650 283 1715 Porro
301 1647 367 1713 hoc
384 1647 504 1715 sudore
524 1649 603 1736 quid
623 1649 750 1736 accepit
772 1649 894 1736 pretii?
922 1647 1115 1715 Damnatur
1128 1669 1149 1711 a
1162 1648 1238 1713 De-

175 1750 294 1817 met'rio
307 1750 476 1838 episcopo,
501 1749 646 1840 exceptis
656 1750 858 1817 Palaestinae
870 1763 904 1818 et
915 1748 1063 1818 Arabiae
1078 1762 1111 1815 et
1125 1748 1239 1815 Phoe-

175 1852 257 1919 nicis
277 1865 378 1940 atque
391 1852 542 1919 Achaiae
559 1851 816 1919 sacerdotibua.·
842 1855 883 1920 In
902 1851 1149 1918 damnationem
1168 1850 1238 1916 eina

177 1954 336 2021 consentit
352 1953 433 2021 urba
447 1955 618 2036 Romana;
655 1954 724 2041 ipla
736 1967 853 2021 contra
871 1954 964 2019 hunc
978 1954 1066 2039 cogit
1077 1954 1239 2032 senatum,
1280 1952 1284 1957 ’

176 2078 246 2123 non
259 2068 400 2144 propter
414 2054 607 2144 dogmatum
618 2055 816 2134 novitatem,
840 2078 910 2121 non
923 2068 1062 2144 propter
1078 2054 1239 2132 haercfiu,

177 2173 216 2225 ut
236 2178 329 2223 nuno
348 2156 507 2222 adversus
525 2178 605 2219 eum
627 2155 735 2220 rabidi
761 2178 859 2221 canes
877 2157 1047 2238 firnulant,
1072 2157 1138 2223 'ted
1160 2156 1239 2244 qnia

121 2324 126 2335 ,
176 2257 319 2344 gloriam
338 2256 545 2342 eloquentiae
559 2256 629 2319 eiua
647 2267 680 2320 et
695 2252 848 2322 scientiae
868 2255 961 2323 ferre
985 2244 1055 2323 non
1075 2269 1240 2346 poterant,

180 2370 213 2424 et
229 2357 288 2422 illo
301 2355 430 2422 dicente
440 2366 559 2420 omnes
580 2355 665 2420 muti
675 2356 917 2442 putabantur.“
965 2359 1143 2426 Praeterea
1157 2361 1242 2427 Hie-

178 2456 519 2548 ronymueadverlua
542 2444 706 2523 Rufinum
727 2456 750 2523 l.
763 2459 786 2524 l.
804 2459 908 2540 addit,
935 2448 1115 2548 Origenem
1134 2484 1155 2526 a
1168 2463 1242 2553 D?-

180 2560 301 2629 mettio
316 2582 386 2627 non
396 2559 504 2625 folum
517 2581 537 2622 a
550 2580 692 2623 munere
704 2562 767 2639 else
778 2575 963 2645 remotum,
993 2562 1048 2628 led
1068 2564 1167 2631 etiam
1185 2584 1242 2628 ec-

181 2664 296 2730 clefiae
323 2661 493 2728 societate
503 2659 720 2748 prohibitum
782 2663 942 2731 Attamen
969 2663 1052 2730 haec
1077 2662 1254 2731 Demetrii·

181 2765 340 2831 sententia
358 2785 465 2830 vacua
485 2767 616 2842 mansit,
646 2762 806 2850 dignitate
824 2766 1012 2855 presbyteri
1033 2767 1242 2867 doctorisque

67 2890 70 2909 ¹
182 2862 224 2932 ab
235 2856 387 2954 Origene
399 2867 529 2955 semper
539 2864 717 2931 reservata

155 2995 160 3005 ·
283 2972 357 3037 Iam
377 2968 560 3055 Origenes,
589 2966 823 3033 Alexandria
813 2982 947 3055 ingrata
957 2916 1090 3048 relicta,
1123 2965 1244 3034 Caela-

183 3092 279 3138 ream
294 3070 494 3138 Palaestinae
510 3068 576 3135 sele
595 3070 735 3136 co'ntulit
753 3068 937 3147 (Eul'cb.l1.
952 3074 1063 3154 e.Vl,
1079 3070 1145 3138 26·
1172 3059 1245 3144 ἔτος

184 3163 244 3238 δ”
226 3198 259 3252 ην
276 3194 374 3240 τοντο
396 3170 530 3237 δέκατον
550 3168 831 3251 (δωδέκατον)
789 3196 848 3250 της
870 3170 1096 3261 δηλουαένκς
1079 3165 1245 3260 adapertile

185 3269 391 3360 (Alexandri
406 3275 559 3356 Seueri),
583 3266 695 3340 κα6’”
674 3298 765 3352 οταν
779 3266 826 3340 oia
827 3268 1083 3394 ’Ἀλεξανδρείας
1102 3262 1246 3361 μοτανᾶ·

185 3398 300 3444 macer
314 3370 368 3443 erl
383 3401 439 3455 την
451 3368 671 3466 Καισάρειαν
653 3399 668 3443 ο
684 3368 843 3466 Ὠρονένης
856 3367 1072 3459 ποιησάμενος,
1097 3368 1247 3465 Ηρακλοῗ

186 3468 228 3545 ‘ro'
249 3476 309 3557 τῆς
328 3468 537 3564 κατηχήσεως
558 3476 624 3545 τοῖν
646 3471 766 3545 αὖα-ὅθι
788 3478 1003 3545 διδασκαλεῖον
1020 3468 1247 3559 καταλείπει),

187 3582 249 3648 aut
259 3580 368 3671 potius
383 3578 450 3645 iam
463 3595 539 3647 ante
554 3602 656 3669 quam
668 3604 688 3646 a
700 3580 873 3647 Demetrio
890 3594 1080 3668 cogeretur,
1105 3592 1143 3670 ut
1157 3577 1257 3657 invi-¹

44 3672 49 3679 ’
87 3657 94 3671 ⁸
141 3734 144 3739 -
189 3682 279 3750 diam
306 3681 458 3770 fugeret,
501 3681 566 3747 lese
597 3683 784 3751 contulerat
811 3682 875 3759 (cf.
897 3684 1013 3749 Huetii
1034 3682 1128 3773 Orig.
1150 3679 1248 3747 lib.l.

188 3784 314 3875 p·13).
363 3784 510 3872 ,Quando
528 3807 611 3859 vero
624 3783 657 3850 id
669 3782 797 3851 factum
811 3790 860 3866 lit,
884 3784 1099 3855 Eusebii'h,e.
1111 3784 1173 3857 Vl,
1189 3782 1250 3847 26.

189 3887 323 3969 codices,
345 3886 560 3975 manuscripti
586 3887 673 3953 inter
695 3886 728 3952 se
752 3886 921 3953 differunt.
979 3887 1098 3954 Altera
1127 3904 1250 3951 eorum

189 4011 268 4075 para
288 3990 446 4070 (Codices
458 3988 580 4076 Regina
599 4001 631 4054 et
643 3987 801 4077 Stephani
816 4012 891 4055 cum
908 3988 1035 4056 Rufino
1048 4003 1080 4056 et
1092 3982 1250 4063 Valefio)

190 4090 337 4175 docimo,
357 4094 462 4160 altera
480 4089 641 4171 (Codices
661 4091 907 4171 Mazarinaeus,
939 4090 1146 4169 Medicaeus,
1177 4088 1253 4153 Fu-

118 4256 122 4273 ,
190 4190 357 4275 ketianua,
382 4194 586 4276 Savilianue,
610 4192 779 4281 Bongarfii
794 4193 962 4271 lectiones,
986 4216 1064 4259 cum
1078 4187 1250 4278 Nicepho-

191 4288 252 4378 ro)
271 4292 466 4389 duodecimo
483 4294 673 4367 Alexandri
693 4295 810 4365 Severi
826 4318 915 4363 anno
935 4295 1019 4363 illud
1034 4293 1175 4361 evenille
1199 4288 1250 4357 di-
