2572 4770
553 232 735 351 Origenea.
1125 256 1201 329 tta

86 453 217 524 runtur,
243 455 313 509 tum
332 441 388 530 qui
406 424 619 530 perficiuntur⁴
635 451 723 504 actm
743 435 878 519 justitiae
893 448 925 501 et
939 448 1115 501 ceterarum
1128 437 1203 501 rir-

87 546 232 609 tuturn.'’

169 645 307 723 Jamjam
321 642 361 707 ad
377 644 497 725 lingula
510 628 695 705 christianae
708 640 836 726 pietatis
849 638 1019 726 specimina
1032 658 1203 724 pergamus

89 743 303 809 describenda.
1045 823 1047 826 Ι

172 845 245 909 Non
259 866 324 908 ora
334 865 372 906 re
387 841 582 908 Christianus
596 843 778 928 nonpotest.
810 830 1115 920 „Silesuanon'or'at
1126 839 1204 901 fru-

87 945 159 1022 stra,
172 944 225 1007 sed
234 945 475 1032 perorationem
484 946 582 1029 petita
594 945 803 1029 consequitur,
819 927 1205 1002 [ineorationesortenon

88 1059 290 1130 accepturus,
307 1046 526 1130 quirnostrum
536 1065 624 1105 orare
633 1041 793 1123 negligat?
800 1042 819 1074 ”
832 1039 1007 1120 (dentato.
1020 1052 1104 1127 13·p.
1114 1044 1202 1121 216).

90 1140 200 1224 „Quid
216 1147 335 1208 necesse
344 1148 388 1208 est
403 1166 458 1207 eos
470 1149 699 1221 recenseamus,
713 1145 766 1231 qui
779 1145 930 1230 quoniam
943 1155 978 1204 ut
991 1153 1115 1227 oportet
1126 1162 1205 1227 oras·

89 1257 163 1306 runt
178 1247 316 1307 maxima
331 1244 429 1307 aDeo
440 1246 592 1308 beneficia
607 1245 789 1335 consequuti
804 1246 884 1322 sunt,
901 1265 972 1304 curn
985 1243 1078 1304 facile
1089 1243 1205 1327 cuique
1260 1264 1263 1269 ·

89 1343 130 1417 sit·
141 1347 231 1431 plura
250 1347 307 1407 sibi
323 1366 341 1408 e
355 1347 515 1431 scripturis
530 1348 660 1427 seligere
672 1343 712 1407 ?''
734 1345 818 1424 (ib.).
868 1342 1024 1424 „Quanta
1039 1363 1116 1404 vero
1130 1346 1205 1405 sunt

91 1447 154 1525 (ib.
184 1468 216 1532 p.
239 1451 342 1526 217),
382 1467 464 1534 quae
492 1449 711 1534 unusquisque
738 1449 896 1525 nostrum,
932 1446 960 1507 fi·
987 1442 1083 1506 modo
1114 1454 1205 1524 grato'

91 1548 199 1609 animo
236 1568 361 1610 memor
394 1557 597 1634 acceptorum
633 1547 860 1622 beneficiorum
898 1533 1010 1607 laudes
1041 1543 1112 1606 Deo
1145 1563 1206 1628 pro

90 1646 143 1710 his
164 1649 282 1709 reserre
301 1648 398 1723 velit,
426 1648 544 1731 poterit
559 1644 756 1708 enarrare?’'
801 1646 888 1709 Vera
908 1645 1023 1708 scilicet
1041 1645 1206 1724 beneficia,

92 1766 229 1833 quornm
244 1749 344 1810 oratio
359 1766 417 1807 noa
432 1746 600 1833 participes
614 1744 738 1824 reddit,
754 1746 825 1809 sunt
835 1746 984 1832 spiritalia
1002 1746 1057 1826 (ib.
1071 1768 1103 1831 p.
1118 1744 1209 1827 218).Ξ

93 1847 212 1927 „Sicut
239 1859 342 1912 certae
372 1845 531 1932 quaedam
556 1847 712 1927 imagines
739 1867 846 1908 rerum
871 1846 1026 1909 memoria
1052 1849 1209 1931 repetitae

94 1966 148 2008 eas
174 1947 593 2031 inquinant'cogitationes,
628 1967 709 2034 quae
734 1947 921 2009 oboriuntur
942 1967 1015 2009 cum
1033 1948 1108 2010 illae
1130 1952 1209 2034 spe-

93 2047 158 2109 cies
175 2047 282 2109 animo
299 2049 520 2128 obversantur3
548 2047 665 2111 eodem
679 2045 776 2110 modo
791 2045 941 2109 credibile
956 2049 1002 2109 est
1016 2049 1127 2129 utilem
1144 2052 1210 2114 esso

93 2145 348 2210 recordationem
369 2147 432 2210 Dei
458 2149 515 2235 qui
540 2150 689 2232 praesens
716 2150 782 2230 est,
811 2147 929 2232 quique
953 2161 1060 2212 motus
1082 2152 1210 2215 animae

94 2268 207 2310 omnes
223 2249 320 2310 etiam
328 2249 536 2335 peritissimos
544 2246 767 2332 deprehendit,
783 2247 861 2310 dum
873 2250 905 2310 se
915 2249 1021 2313 anima
1036 2254 1210 2338 componit,

94 2360 132 2410 ut
145 2360 296 2436 tanquam
310 2350 485 2434 praesenti,
511 2348 706 2435 inspicienti,
726 2362 758 2411 et
774 2347 814 2410 ad
829 2370 960 2412 omnem
974 2364 1117 2415 mentem
1132 2374 1213 2440 per-

93 2450 240 2514 venienti
255 2452 378 2537 placeat
390 2450 438 2528 ei,
459 2450 514 2537 qui
528 2449 690 2512 examinat
705 2448 800 2512 corda
813 2462 845 2512 et
858 2452 1010 2514 scrutatur
1021 2474 1125 2517 renes.
1168 2454 1213 2518 Ut

97 2554 187 2614 enim
211 2553 425 2636 supponamus
443 2551 568 2612 nullam
589 2551 685 2611 aliern
707 2551 880 2616 utilitatem
901 2552 1089 2617 accessuram
1100 2557 1137 2619 ,ei
1157 2553 1214 2643 qui

95 2655 138 2717 tie
156 2666 299 2715 mentem
317 2650 359 2715 ad
373 2652 550 2715 orationem
564 2652 792 2737 composuerit,
813 2673 879 2713 non
893 2652 1057 2717 modicum
1071 2653 1215 2722 tructam

97 2772 210 2839 capere
233 2751 462 2834 intelligendus
480 2752 598 2837 estqui
617 2753 684 2836 ipso
705 2753 858 2815 orationis
877 2765 1024 2839 tempore
1041 2755 1085 2817 ita
1105 2758 1138 2818 se
1159 2756 1213 2843 pie

99 2854 321 2940 composuerit.
376 2850 446 2913 Hoe
469 2873 548 2916 vero
570 2856 596 2917 fi
616 2856 804 2940 frequenter
826 2854 899 2933 liat,
934 2866 1012 2941 quot
1040 2858 1216 2941 apeccatia
1235 2866 1254 2909 ί

99 2966 240 3033 avertat,
258 2962 345 3038 ·quot
362 2949 403 3012 ad
419 2953 553 3016 virtutes
568 2954 731 3039 impellat,
752 2955 950 3040 experientia
963 2966 1084 3018 'norunt
1098 2957 1120 3018 ii
1129 2954 1217 3045 ,j'qui

100 3057 239 3121 orationi
257 3056 289 3115 se
307 3051 428 3115 assidue
449 3045 652 3139 dediderunt.
703 3052 739 3116 Si
761 3055 849 3117 enim
869 3053 988 3118 cordati
1004 3057 1217 3146 sapientisque
1258 3094 1261 3099 ·

99 3159 164 3221 viri
184 3151 342 3218 recordari
362 3158 494 3240 ejusque
513 3156 650 3241 speciem
666 3165 774 3216 mente
787 3156 972 3236 revolvere,
1000 3161 1218 3225 aemulatione

101 3281 162 3323 noa
180 3265 347 3343 provocat,
375 3238 560 3341 nostroaque
576 3257 611 3318 in
625 3253 782 3318 deteriora
799 3257 939 3342 impetus
955 3259 1046 3344 saepe
1063 3259 1219 3326 retardat:

102 3371 222 3446 quanto
243 3357 345 3436 magis
358 3354 420 3419 Dei
440 3357 587 3419 omniurn
606 3358 747 3443 parentia
766 3357 901 3419 orationi
924 3366 1089 3438 conjuncta
1106 3382 1219 3425 recor-

103 3460 189 3523 datio
205 3479 268 3521 eoa·
278 3455 408 3535 adjurat
423 3459 475 3544 qni
491 3458 548 3520 sibi
562 3458 785 3543 persuaserint,
805 3460 963 3544 praesenti
979 3461 1011 3520 se
1026 3470 1059 3520 et
1073 3459 1219 3524 audienti
1247 3530 1251 3537 ,

103 3563 176 3628 Deo
205 3572 239 3623 et
267 3558 387 3622 adstare
416 3570 449 3621 et
473 3558 588 3645 loqui”
622 3559 687 3637 (ib.
707 3572 735 3624 8.
764 3582 795 3645 p.
817 3564 913 3644 210).
975 3557 1089 3638 Quid?
1129 3558 1220 3648 quod

86 3642 260 3747 ⁰„animae
277 3661 333 3740 (ib.
353 3670 401 3725 18.
421 3681 454 3745 p.
468 3663 564 3741 217),
587 3681 668 3746 quae
682 3658 736 3723 diu
752 3661 818 3723 sine
832 3662 923 3747 prole
933 3661 1131 3740 manserunt,
1154 3661 1220 3726 de·-

103 3763 258 3851 prehensa
273 3764 341 3840 ejus
355 3762 454 3847 partis
468 3762 630 3824 sterilitate
642 3783 724 3849 quae
736 3763 883 3848 princeps
900 3762 933 3823 in
948 3762 1021 3846 ipssa
1035 3764 1097 3826 elie
1111 3762 1222 3848 debet,¹

104 3863 287 3948 mentisque
307 3863 458 3941 orbitate,
492 3883 511 3924 a
532 3863 640 3948 spiritu
661 3865 766 3926 sancto
786 3885 844 3951 per
864 3860 1021 3927 assiduam
1040 3865 1221 3931 orationem

105 3966 207 4028 veluti
224 3961 424 4046 gravidatae,
457 3965 610 4028 salutares
629 3965 791 4028 sermones
811 3965 1018 4048 veritatisque
1036 3965 1220 4045 cognitione
1270 4015 1274 4022 .

104 4064 219 4152 plenos
237 4074 429 4145 generarunt
455 4065 522 4147 [est
540 4065 628 4128 enim
652 4058 672 4152 ἢ
693 4056 771 4152 εὐχὴ
790 4056 1034 4151 ἆναγκάιοτᾶτη
1056 4063 1220 4155 περὶτοῦ

105 4164 200 4248 νοεῖν,
212 4162 254 4231 τὰ
275 4165 356 4231 tata
378 4199 418 4214 -
435 4152 487 4252 ep.
508 4163 549 4228 ad
566 4164 699 4249 Gregor.
716 4167 778 4233 Th.
799 4171 823 4253 t.
840 4176 869 4234 3.
888 4164 1081 4251 v01.1,r2].
1128 4154 1236 4255 Quot

1180 4458 1235 4496 Η
