2572 4770
248 232 420 381 origano
443 282 690 399 (Auamma,
717 292 1008 395 caustozoga).-
1054 300 1060 311 ·
1093 312 1190 407 aar

58 460 1170 573 nonampliusuereliberumpeceataeommquapoenaeadnostraque

55 584 292 659 pervenerunt3
311 571 365 634 led
379 572 573 659 haecpotiua
586 577 760 661 probabilia
772 581 878 641 noltro
892 578 1100 664 ridebantur,
1121 587 1170 649 li-

55 676 180 740 bertate
188 675 300 738 ebulos
312 692 424 736 omnes
436 674 612 759 promiscue
626 675 775 743 hominea
788 681 925 757 (animae
937 682 1082 764 scilicet),
1103 688 1171 765 jam
1247 731 1255 753 ,

55 785 229 860 antequam
251 773 319 835 nati
338 775 473 852 effent„
483 775 674 860 peccavisse,
702 777 812 841 iccir'co
827 778 860 841 in
872 800 1003 866 corpora
1017 786 1080 847 ell'e
1097 787 1169 851 irn-
1248 788 1259 813 ”·

53 875 167 939 millae
186 875 317 959 illisque
339 875 516 938 carceribus
535 876 698 962 caulisque
716 877 788 941 aliis
800 878 903 945 libero
917 882 1045 948 arbitrio
1062 884 1169 951 adlruc

53 972 220 1061 praeditos
232 973 384 1039 continuo
399 972 441 1038 ad
454 973 651 1062 peccandum
664 976 813 1063 instigari.

421 1252 424 1257 ·
473 1221 759 1310 Christologiu.

421 1352 476 1407 De
489 1351 646 1426 persono
663 1352 814 1450 christe

185 1471 242 1536 De
265 1483 408 1535 natura
432 1470 592 1537 Christi.

146 1571 285 1637 Christus
300 1593 343 1635 ex
358 1573 511 1635 sententia
528 1575 693 1654 ecclesiae,
721 1576 768 1638 uti
785 1576 944 1660 Origenes
957 1600 1028 1647 eam
1044 1587 1169 1671 profert

57 1677 158 1765 prael.
183 1672 222 1737 ad
244 1674 265 1737 l.
282 1671 323 1734 de
338 1673 454 1759 princ,
481 1675 605 1737 ”homo
628 1677 732 1740 factus
750 1689 782 1740 et
802 1679 982 1745 incarnatus
1003 1687 1064 1764 eit,
1093 1709 1168 1755 cum
1268 1686 1270 1697 ’

57 1777 149 1843 Deus
162 1776 249 1837 ellel.
260 1821 280 1852 ‚‚
322 1774 457 1854 Negavit
471 1786 578 1837 autem
594 1774 751 1854 Origenes
765 1779 846 1841 nihil
861 1801 989 1863 eorum,
1010 1807 1092 1871 quae
1110 1811 1168 1876 per

56 1877 328 1966 praedicationem
349 1874 550 1959 apostolicam
567 1876 735 1938 manifesta
755 1877 836 1939 tradi
852 1879 949 1961 dixit3
975 1884 1084 1971 itaqua
1101 1894 1168 1969 jam
1212 1956 1216 1961 ,

57 1993 152 2045 antea
175 1979 314 2039 constare
331 1977 432 2058 potelt
452 1970 492 2037 de
510 1977 569 2038 hac
590 1974 740 2055 Origenia
762 1978 931 2056 sententia,
968 1983 1168 2055 Christum
1259 1986 1262 1993 ’

57 2095 140 2146 tam
167 2078 294 2141 Deum
319 2076 459 2155 luisse,
500 2096 614 2160 quarn
640 2077 858 2142 hominem.
913 2080 1038 2148 Diserte
1062 2091 1168 2154 noller

57 2205 133 2262 eos,
167 2179 222 2265 qui
242 2196 385 2239 verum
405 2176 609 2239 hominem
629 2177 722 2240 fuisse
741 2175 898 2243 Christum
920 2186 1054 2268 negent,
1081 2189 1170 2252 hae..·

57 2283 164 2350 reticio
189 2288 380 2341 annumerat
401 2277 437 2338 in
455 2276 529 2340 Joh.
554 2279 618 2342 vol.
637 2276 697 2356 IV,
724 2288 793 2344 165.
849 2278 1037 2349 Cavendum
1057 2301 1166 2357 autem

57 2388 120 2465 est,
154 2403 195 2444 ne
215 2365 290 2466 quie
310 2376 435 2442 nudum
454 2378 621 2443 hominem
638 2378 745 2443 Jeluru
771 2380 865 2443 suilla
891 2385 1048 2469 opinetur.
1103 2389 1169 2454 Et-

56 2487 232 2551 enimcum
248 2478 408 2556 iudaeus,
429 2499 526 2564 quem
541 2478 650 2543 Celsus
661 2480 799 2543 finxerat
815 2482 1018 2567 loquentem,
1044 2511 1070 2555 c.
1085 2489 1168 2558 cete

55 2589 101 2668 II,
123 2599 173 2652 79.
196 2606 229 2669 p.
248 2589 309 2646 446
330 2578 484 2657 dixissen,
512 2580 619 2643 Homo
637 2580 733 2661 igitur
753 2582 817 2643 luit
835 2583 907 2662 ille,
942 2595 976 2646 et
997 2588 1166 2679 taliaqui-

57 2688 151 2765 dem,
180 2685 308 2770 qualem
324 2693 357 2744 et
372 2681 489 2744 veritae
510 2679 648 2743 declarat
668 2695 701 2744 et
722 2679 916 2745 demonstrat
930 2686 1083 2766 ratio,-
1107 2712 1165 2755 re-

56 2787 184 2878 lpondit
210 2788 332 2848 noster:
377 2780 470 2861 „Sed
497 2782 600 2844 nescio
623 2801 665 2845 an
689 2783 806 2862 homo,
841 2785 933 2847 aulus
953 2806 1011 2870 per
1029 2790 1167 2856 unirer-

56 2895 127 2957 lum
145 2890 256 2950 orbem
272 2887 361 2946 luam
380 2883 567 2962 religionem
588 2880 826 2966 doctrinamque
845 2885 933 2946 luam
955 2884 1166 2974 differninare,

55 2992 152 3080 polsrt
175 2990 242 3051 line
267 2984 339 3068 Deo
365 2984 471 3045 facere
496 2982 605 3044 omnia
632 3004 690 3069 pro
716 2984 845 3046 arbitrio
872 3006 991 3070 eosque
1018 2990 1167 3075 inperare

55 3110 189 3168 omnes,
226 3085 281 3172 qui
308 3086 382 3148 luae
401 3083 563 3146 doctrinae
584 3082 831 3168 promulgationi
853 3085 1073 3169 adversentur,
1108 3113 1168 3157 re-

56 3214 131 3276 ges,
158 3189 383 3272 imperatores,
410 3186 553 3247 leuatum
566 3181 765 3262 Romanum,
793 3205 906 3250 omnes
925 3191 1069 3255 omnium
1082 3215 1169 3275 gen-

54 3296 140 3360 tium
167 3287 343 3376 principes,
376 3286 544 3370 populum.
600 3281 772 3364 Quomodo
797 3298 907 3351 autem
936 3290 1076 3357 hominia
1103 3317 1168 3359 na-

53 3408 144 3470 tura,
174 3390 255 3453 nihil
275 3389 398 3450 habens
415 3386 449 3449 in
465 3386 497 3447 se
508 3385 573 3470 ipla
588 3385 814 3469 praestantius,
840 3391 942 3471 potelt
957 3403 1063 3456 tantae
1075 3397 1167 3458 triol-

53 3492 203 3561 titudiuis
218 3489 343 3552 animoa
358 3487 547 3563 immutare,
577 3505 636 3547 nec
648 3483 745 3547 modo
763 3487 969 3572 sapientium,
996 3492 1081 3576 quod
1099 3517 1166 3561 non
1250 3546 1255 3575 ,

54 3597 192 3670 mirum,
235 3587 288 3654 red
322 3609 435 3650 eorum
468 3587 584 3666 etiam,
631 3587 686 3672 qui
719 3584 807 3648 nulla
839 3590 961 3652 ratione
996 3590 1166 3672 ducuntur,

55 3698 113 3786 qui
132 3694 220 3759 uitiis
242 3687 343 3753 dediti
364 3691 454 3767 lunt,
489 3687 608 3773 quique
632 3705 672 3748 eo
693 3683 855 3751 difficilius
876 3688 916 3751 ad
938 3692 1166 3761 continentiam

54 3797 274 3871 adducuntur,
295 3810 359 3875 quo
376 3788 483 3850 minus
497 3787 613 3851 rationi
627 3788 890 3873 obsequuntur?’‘
936 3787 1061 3855 Deum
1083 3792 1167 3862 Ori-
1245 3826 1248 3833 ·

56 3899 133 3984 geni
152 3895 312 3962 Chriltum
329 3891 437 3964 suilla,
469 3900 632 3973 praeterea
650 3888 850 3972 perspicuum
873 3890 909 3952 fit
929 3911 948 3952 e
971 3892 1025 3957 lib.
1036 3917 1071 3958 ,α
1084 3893 1164 3981 Cels,

55 4000 101 4080 II,
119 4011 149 4065 9.
168 4019 200 4082 p.
217 4004 295 4071 393,
325 3992 397 4053 ubi:
434 3981 667 4074 Ἐγκαλοιῗμεν,
696 3989 758 4066 ait,
781 3979 959 4067 Ἰουδαίοις
974 3984 1101 4078 Ἰησοῦν
1115 3990 1163 4082 μὴ

55 4092 216 4182 rapinane
233 4088 331 4167 θεὸν,
357 4113 451 4177 porro
470 4091 555 4152 elib.
569 4087 626 4153 Ill.
650 4112 675 4152 c.
688 4087 766 4154 cett.
784 4097 833 4155 14.
854 4112 885 4174 p.
901 4098 981 4172 tae,
1007 4099 1061 4159 ubi
1074 4097 1166 4165 tetus
1233 4092 1241 4191 5¹
1265 4158 1270 4169 .

55 4203 122 4273 Dei
138 4199 224 4267 fitius
237 4197 301 4262 elle
315 4192 428 4285 dicitur
448 4187 528 4276 πρὶν
545 4183 804 4278 ἐνανθρωπῆσᾳι
816 4190 874 4259 καὶ
888 4187 1168 4287 &audomarim
1227 4200 1235 4291 j

1128 4424 1212 4502 ’.ι
