2572 4770
533 279 715 374 Origenes.
1086 372 1090 379 Ι
1129 297 1150 359 7
1156 291 1178 355 t

66 450 238 518 structione
255 458 473 540 arcaNoacbi,
499 461 540 524 sic
556 465 673 547 pergit:
701 465 818 529 ”Nunc
831 488 908 529 vcro
920 472 983 546 jam
998 466 1179 555 deprecan-

66 564 113 616 tes
127 575 205 619 eum
219 560 325 643 prins,
354 562 407 643 qui
421 564 503 624 solus
516 566 616 647 potest
629 563 669 625 de
684 567 818 628 lectione
830 568 871 628 V.
890 569 928 629 Τ.
942 575 1066 632 auserre
1084 574 1179 637 vele-

64 676 161 733 men,
189 670 352 722 tentemus
372 662 549 745 inquirere,
577 663 652 749 quid
673 667 770 727 etiam
787 667 932 750 spiritalis
950 670 1181 743 aedificationis

65 759 230 821 contineat
243 762 410 841 magnilica
424 764 503 826 baec
517 784 605 825 arcae
621 768 818 828 constructio.
829 813 850 844 „
899 766 967 852 Ipsa
986 785 1092 835 antem
1114 796 1182 839 ex-

64 859 183 943 positio
200 862 346 946 spiritalis
365 867 409 923 est
427 863 523 925 baec:
551 864 744 927 ”Diluvinm
768 865 866 939 illud,
898 891 961 952 quo
980 893 1081 956 paene
1102 876 1178 941 sinis

65 973 143 1022 tunc
157 959 250 1022 datus
268 964 312 1022 est
326 960 464 1033 arundo,
495 966 630 1028 formam
649 980 735 1028 tenet
751 968 820 1028 smis
834 968 935 1044 illins,
964 973 1017 1052 qui
1032 994 1107 1036 vere
1118 979 1179 1039 su-

64 1072 155 1122 turus
175 1063 221 1122 est
238 1061 361 1124 mundi.
416 1065 485 1126 Hoc
504 1067 568 1151 ipse
593 1067 741 1130 ‹lorrrinus
764 1069 952 1151 pronunciat
969 1070 1047 1135 Luc.
1067 1073 1179 1158 XVII,

23 1178 26 1183 '
65 1173 184 1227 26.st
235 1161 671 1247 Nosterb'oiiestsjbristus,
704 1170 1180 1257 solusjustusetsnlusperse-

64 1276 152 1339 ctus,
186 1264 238 1324 cui
258 1264 293 1323 in
312 1268 582 1328 consummatione
601 1271 777 1330 seculorum
790 1267 908 1330 dictum
924 1274 969 1332 est
982 1294 999 1332 a
1014 1286 1119 1356 patre,
1142 1287 1180 1341 ut

62 1368 182 1426 faceret
202 1365 260 1425 sibi
282 1386 386 1427 arcam
406 1388 447 1430 ex
468 1368 561 1446 liguis
587 1368 763 1453 quadratis,
796 1383 828 1432 et
851 1375 1014 1434 mensuras
1036 1374 1066 1434 ei
1088 1374 1181 1440 darer

63 1466 253 1528 coelestibus
268 1467 467 1532 sacramentis
482 1470 618 1553 repletas
636 1471 764 1547 (l‘sabn.
779 1469 820 1545 11,
842 1476 884 1550 8).
930 1473 1088 1536 Conslruit
1102 1496 1180 1558 ergo

63 1587 188 1643 arcein,
212 1579 244 1628 et
259 1568 334 1628 sarit
348 1569 380 1628 in
397 1589 433 1629 ea
452 1569 544 1631 nidos
557 1572 578 1634 i.
594 1591 620 1631 e.
635 1573 850 1655 promptuaria
866 1572 1041 1656 quaedam,
1061 1575 1179 1661 quibus

63 1666 183 1728 diversi
207 1669 333 1746 generis
354 1671 502 1730 animalia
524 1671 725 1756 recipiantur.
773 1671 838 1751 Oui
861 1675 894 1734 in
915 1694 984 1735 arca
1006 1677 1178 1759 salvantur,

63 1771 135 1830 sunt
158 1766 337 1831 Christiani.
395 1767 679 1846 Quemadmodum
697 1792 775 1833 vero
799 1775 833 1834 in
856 1795 925 1834 arca
945 1773 1014 1837 b'oe’
1034 1775 1179 1842 diversae

63 1880 157 1930 erant
177 1871 355 1931 mansiones
377 1875 468 1948 (narn
485 1873 674 1933 bicamerata
693 1884 783 1933 erant
803 1874 954 1936 interiora
975 1888 1007 1936 et
1025 1878 1180 1942 tricame-

10 2026 13 2031 .
62 1985 133 2034 rata
154 1972 347 2056 superiora),
382 1974 423 2033 sic
444 1973 541 2033 etiam
562 1995 627 2033 non
647 1974 797 2034 omnibus
816 1994 901 2035 unus
925 1972 1075 2059 idemque
1097 2001 1179 2063 pro-

63 2074 170 2135 fectus
185 2073 246 2151 est,
270 2071 489 2157 unusquisque
504 2073 537 2133 in
554 2076 610 2134 suo
624 2070 764 2150 ordine„
781 2084 814 2134 et
825 2095 877 2157 qu.
890 2074 953 2165 sq...
981 2075 1099 2139 llomil.
1117 2077 1179 2160 III,

64 2182 129 2240 4.5
152 2174 185 2235 in
200 2172 313 2238 Genes.
336 2198 367 2260 p.
385 2187 425 2240 68
448 2174 604 2255 Origenes
623 2175 728 2252 legem
748 2173 991 2237 circumcisionis
1009 2177 1179 2257 allegorice

64 2273 289 2361 explicandam
302 2278 365 2338 esse
377 2277 483 2338 statuit
497 2287 603 2336 contra
616 2272 772 2352 Iudaeos,
795 2275 851 2360 qui
863 2273 1097 2354 distinguebant
1110 2281 1179 2342 cir-
1250 2338 1253 2347 ,

64 2377 291 2440 cumcisionem
304 2376 406 2439 carnis
418 2387 452 2438 et
465 2377 732 2438 circumcisionem
746 2374 865 2451 cordis,
891 2376 977 2438 sensu
993 2380 1082 2441 illam
1095 2402 1178 2466 pro·-

10 2524 15 2529 -
64 2477 154 2564 prio,
177 2476 354 2562 improprio
373 2479 454 2538 banc
480 2476 697 2562 accipiendam
715 2478 778 2538 esse
797 2473 1043 2558 contendentes,
1074 2482 1178 2546 veluti

64 2580 183 2643 serem.
198 2576 259 2655 IX,
276 2589 327 2643 26.
382 2576 539 2657 Origenes
558 2598 635 2638 vero
648 2578 681 2637 iu
694 2577 842 2638 omnibns
856 2576 950 2653 locis»,
968 2580 1020 2640 ubi
1037 2582 1179 2643 circum-

65 2679 191 2742 cisionis
211 2679 247 2740 sit
265 2679 405 2754 mentio,
433 2679 617 2758 allegoriam
639 2679 744 2741 locum
763 2680 880 2741 babere
899 2679 1065 2763 opinatur,
1087 2694 1121 2744 et
1136 2680 1180 2746 ad
1265 2722 1269 2728 ·

65 2778 317 2844 confirmandam
330 2781 411 2841 hanc
424 2784 512 2842 suam
527 2779 714 2840 sententiam
733 2781 833 2841 utitur
851 2782 920 2841 loco
936 2778 1037 2842 Exnd.
1052 2780 1111 2859 VI,
1126 2793 1179 2864 so,

9 2886 12 2897 ‘
64 2881 119 2943 ubi
132 2877 239 2942 Moses
247 2879 318 2943 Deo
332 2880 518 2967 respondet:
541 2879 608 2959 Ego
624 2891 731 2940 autem
747 2880 980 2942 incircumcisus
993 2881 1085 2944 labiis
1096 2885 1177 2949 sum.

63 2979 216 3060 ”Quodsi
237 2982 369 3066 (inquit)
388 2982 655 3043 circumcisionem
675 2982 833 3043 labiorum
855 2979 896 3043 ad
919 2982 1103 3060 allegoriam
1123 3004 1182 3046 re-

64 3082 187 3144 vocatis
211 3129 217 3142 .
236 3127 244 3145 .
267 3081 429 3166 quomodo
449 3105 512 3145 noo
528 3094 560 3144 et
578 3083 612 3142 in
628 3080 861 3143 circumcisione
879 3081 1038 3167 praeputii
1054 3084 1182 3164 allego-

64 3184 145 3244 riam
164 3182 376 3267 requiritis?„
426 3184 546 3246 Homil.
560 3182 619 3260 IV,
637 3196 655 3248 2
674 3183 707 3244 in
721 3182 834 3248 Genes.
855 3206 886 3268 p.
903 3197 939 3249 71
956 3186 1020 3269 sqq.
1036 3187 1184 3270 explica·-

23 3292 29 3301 '
65 3295 204 3371 turpare
217 3285 329 3369 capitis
346 3283 472 3348 XVIII.
485 3283 525 3346 de
541 3284 642 3347 tribus
655 3284 731 3346 viris
745 3281 786 3344 od
801 3283 1024 3345 Abrabamum
1043 3288 1201 3350 venien-¹

66 3383 161 3447 tibus.
220 3384 329 3449 Verba
354 3386 500 3448 hebraica
530 3397 789 3449 reverterunt
820 3383 937 3448 LXX:
976 3376 1184 3470 eiorq'xereoev

67 3477 181 3549 ἱκάνω
204 3478 317 3548 αὑτοῦ.
369 3486 505 3565 Quaerit
523 3484 697 3565 Origenes,
729 3483 807 3571 quid
826 3486 882 3564 sit,
912 3483 998 3572 quod
1015 3488 1185 3569 virisuper

66 3585 289 3648 Abrahamum
303 3586 453 3666 veniant,
481 3607 546 3648 non
560 3599 666 3647 contra
684 3606 770 3647 eum.
814 3583 1015 3671 Respondet:
1038 3585 1186 3666 ”Subie-

18 3712 27 3791 ἰ
67 3678 151 3750 cerat
169 3688 202 3751 se
222 3687 381 3749 voluntati
394 3685 474 3766 Dei,
503 3684 577 3747 ideo
595 3688 686 3772 super
699 3707 774 3749 enm
790 3684 910 3748 adstare
924 3685 1038 3749 dicitur
1052 3684 1185 3764 Deus„

68 3785 194 3851 Deinde
208 3789 251 3850 sic
263 3789 382 3873 pergit:
407 3786 580 3872 „Apponit
593 3807 691 3871 panes
704 3784 804 3849 tribus
822 3789 978 3850 mensuris
997 3787 1184 3867 similaginis

68 3891 256 3975 conspersos.
305 3888 386 3951 Tres
406 3888 492 3950 viros
512 3887 663 3970 suscepit,
691 3888 791 3950 tribus
812 3889 969 3950 mensuris
988 3887 1182 3965 similagines

8 3990 19 4029 ⁵
68 4010 166 4077 panes
187 3987 365 4073 conspersit.
415 3984 536 4050 Totum
553 3985 639 4071 quod
659 3987 724 4068 agit
743 3989 928 4067 mysticum,
958 3987 1182 4050 totumsacra-

8 4092 24 4133 ¹
70 4091 187 4156 meotis
209 4091 371 4177 repletum
389 4089 443 4152 esi.
500 4087 684 4172 Apponitur
704 4088 842 4166 vitulus3
874 4107 946 4150 ecce
964 4083 1052 4147 aliud
1072 4087 1179 4153 saera-

8 4198 25 4235 ²·
70 4205 222 4262 uentum
278 4188 409 4278 Vitulus
434 4188 502 4276 ipse
527 4207 593 4253 non
616 4189 661 4254 est
682 4184 797 4269 durus,
825 4185 879 4252 scd
899 4188 1002 4252 bonus
1022 4197 1054 4253 et
1073 4198 1174 4256 tener.
