2572 4770
394 838 879 918 ruthenum

520 1029 747 1050 -ῄ

107 1146 257 1254 duvenilc
278 1175 348 1255 hoc
370 1180 601 1290 opusculum,
627 1181 672 1256 dc
689 1178 829 1259 scholae
843 1178 1109 1262 Alexandrinae
1126 1195 1188 1258 cass
1264 1257 1269 1267 ,

107 1311 276 1389 techeticae
313 1313 492 1417 theologia
530 1314 794 1423 conscriptum,
850 1312 985 1392 abhinc
1024 1316 1188 1420 quinque

104 1447 216 1522 menies
229 1449 433 1523 venerando
448 1449 651 1524 academiae
662 1449 924 1524 Fridcricianae
938 1447 1188 1552 theologorum

102 1579 201 1658 ordini
214 1581 367 1682 tradidi,
399 1598 440 1657 nt
452 1581 656 1684 theologiae
671 1585 863 1660 Licentiati
877 1582 1027 1689 gradum
1045 1583 1188 1659 obtine·
1275 1644 1280 1652 .

100 1737 175 1808 ren,
206 1715 253 1789 ad
276 1716 499 1818 eundemque
522 1716 630 1791 finem
652 1715 728 1816 ejus
743 1732 850 1818 caput
864 1717 1024 1818 primum
1044 1716 1188 1815 (omilin

99 1840 338 1942 Didymearum
359 1852 542 1925 variarum
564 1851 610 1925 N.
627 1853 673 1925 T.
697 1851 892 1924 lectionum
912 1851 1053 1942 tabula)
1077 1868 1111 1926 et
1126 1850 1189 1943 lei

100 1980 237 2055 cundum
254 1998 334 2057 ante
349 1999 421 2057 tres
437 1981 573 2056 menies
589 1981 685 2056 foras
700 1982 784 2056 dedi
800 2007 842 2055 ac
857 1981 1001 2082 publice
1015 1981 1174 2060 defendi.

178 2114 237 2189 Eu
261 2116 410 2217 quidem
430 2114 521 2192 haec
539 2114 687 2218 scriptio
710 2140 794 2217 pars
816 2113 991 2217 posterior
1006 2140 1189 2192 commen-
1248 2168 1251 2181 .

102 2247 223 2322 tationis
247 2247 293 2323 dc
316 2249 437 2325 schola
450 2249 698 2325 Alexandrina
721 2246 939 2325 catochetica
962 2246 1082 2349 (cujus
1104 2274 1190 2351 pars

103 2382 200 2481 prior,
234 2407 307 2482 qua
328 2383 373 2458 de
397 2399 545 2458 externa
568 2382 708 2458 scholae
724 2384 822 2457 illius
837 2381 986 2457 historia
1003 2384 1080 2483 egi,
1106 2382 1190 2457 eli-

102 2509 201 2590 braria
222 2516 427 2592 Antoniana
448 2543 541 2594 anno
564 2518 853 2593 MDCCCXXIV
874 2519 914 2591 in
938 2517 1056 2592 lucem
1077 2516 1189 2612 edita,
1253 2560 1257 2594 t

103 2670 178 2724 nunc
207 2652 398 2754 emptionis
421 2650 499 2752 jure
524 2652 564 2724 in
588 2652 827 2727 Gebaueriam
848 2651 1029 2745 transiit);
1068 2665 1190 2727 tamen

55 2795 58 2877 j
102 2779 190 2857 altera
209 2812 293 2888 pars
310 2783 355 2857 ad
372 2784 518 2858 alteram
538 2809 610 2857 non
625 2785 819 2860 necessario
835 2786 1007 2888 pertinet3
1033 2783 1073 2857 id
1090 2781 1191 2886 quod

102 2922 282 3016 argumenti
297 2919 336 2991 in
350 2920 455 2992 titulo
472 2918 624 2993 indicati
638 2918 819 2995 divcrfitas
833 2919 917 2994 latis
932 2917 1100 2992 declarat.
1173 2940 1176 2947 ’

182 3056 302 3128 Haece
325 3054 365 3126 in
385 3055 693 3128 commentationis
715 3070 817 3155 parte
840 3054 1020 3156 imprimis
1035 3051 1191 3152 fingule-

99 3207 163 3259 tum
192 3186 522 3264 Alexandrinorum
559 3186 763 3287 gravissima
801 3187 897 3262 dicta
930 3186 1191 3288 sententiasque

96 3321 271 3424 praecipue
280 3321 529 3398 memorabiles
538 3321 658 3394 sedulo
667 3321 811 3420 collegi,
828 3319 932 3394 ethic
942 3318 1193 3423 mihiquitlem

55 3442 57 3449 ’
95 3456 198 3552 primo
215 3458 382 3557 contigit,
400 3498 452 3511 —-
475 3455 553 3556 post
571 3481 673 3530 curas
683 3457 714 3528 J.
726 3456 771 3529 A.
782 3455 1018 3555 Mingarellii,
1044 3456 1110 3555 qui
1124 3452 1193 3526 Di-

55 3639 57 3650 .
92 3584 181 3681 dymi
190 3586 1193 3691 librosdetrinitatca.MDCCLXlXprincepsedidit,-··

55 3714 57 3764 ;
89 3724 279 3820 utDidJnni
287 3724 526 3800 Alexandrini
540 3721 755 3824 theologiam
771 3725 811 3797 in
826 3722 1118 3822 disceptationem
1127 3743 1193 3790 vo-

55 3848 248 3934 'caverim
283 3901 335 3914 —-
405 3859 448 3931 In
472 3857 609 3932 summa
632 3856 960 3933 Alexandrinorum
990 3850 1192 3950 theologiae

69 3987 302 4093 :dogmaticae
324 3992 541 4068 enucleanda
565 4017 607 4064 ac
630 3990 869 4092 comparanda
888 4015 971 4064 cum
987 3984 1191 4060 occidenta-

55 4109 167 4207 lium
189 4142 334 4234 patrum
356 4142 391 4201 et
407 4126 648 4228 gnosticorum
663 4124 890 4232 dogmatibus
911 4120 1074 4228 apprime
1096 4119 1192 4202 Aue
1216 4240 1219 4244 „
