2572 4770
48 237 121 306 374
373 223 462 312 Cap.
484 218 556 287 ΙΙΙ.
607 215 840 307 Dogmatr‘ca.

132 402 232 485 Quod
252 402 293 465 ad
312 399 525 465 ecclesiam
544 396 699 484 pertinet,
728 392 769 457 de
784 392 939 457 sententia
952 390 1090 475 Didymi
1099 392 1161 458 l’e·

19 512 23 517 ’
48 523 119 573 trus
140 500 175 584 (ὁ
187 501 222 569 ἐν
235 495 441 575 ἀποστόλοις
455 498 639 584 κορυφαῖος
656 495 697 558 de
711 508 748 558 tr.
763 493 790 573 1,
806 507 857 570 27,
875 505 915 559 85
929 484 997 557 eti
1013 488 1059 559 τὰ
1074 515 1165 581 ποιαί

50 607 126 681 reio
141 601 258 679 ἕντοῖς
271 593 477 674 ἀποστόλοις
489 591 571 677 ἔχων
584 596 624 660 de
639 609 679 660 tr.
692 594 735 673 11,
755 608 804 673 10,
818 601 894 674 231)
909 597 1103 680 potestatem
1115 616 1170 658 ec-

53 692 257 771 clefiasticnrn
272 703 410 787 accepit,
438 696 566 779 μᾶλλον
588 695 625 761 δὲ
645 688 703 759 καὶ
715 689 837 771 πάντας
849 687 896 761 δι’
910 689 1019 760 αὐτοῦ
1037 696 1078 759 de
1092 697 1170 774 tr.l,

23 800 29 811 ’
55 818 107 884 so,
124 810 189 885 92).
240 803 419 881 Imaginem
439 800 584 862 ecclesiae
604 801 707 861 noster
728 799 824 860 habet
845 817 951 860 arcam
969 797 1096 861 Noaclti
1117 798 1171 877 (de

53 919 94 971 tr.
108 905 152 982 ll,
168 911 217 982 14,
231 907 319 981 255),
342 936 385 948 -
434 900 677 962 Haereticos
698 918 771 974 eos,
794 898 873 984 ”qui
891 898 967 961 falsa
989 894 1033 961 de
1049 898 1170 962 Christo

55 1004 219 1083 docent„,
240 1002 384 1065 nominat
393 999 604 1062 Anticlrristos
616 999 690 1078 (En.
705 999 740 1061 in
756 998 853 1066 1Joh.
866 997 908 1062 H.
926 1021 956 1083 p.
973 1004 1074 1079 828),
1095 1020 1171 1063 ens-

55 1103 121 1168 bne
146 1106 180 1166 in
209 1103 289 1166 duas
315 1099 431 1163 dividit
458 1102 575 1171 classes.
635 1099 732 1164 '’Non
759 1101 879 1161 habent
903 1101 951 1178 (in
975 1113 989 1163 1
1013 1097 1089 1168 son,
1113 1099 1169 1162 lv.

56 1227 91 1292 p·
108 1216 180 1271 382.
203 1202 258 1282 Β.)
279 1203 422 1289 spiritum
434 1204 593 1278 sanctum,
620 1201 674 1284 qui
689 1199 799 1261 dicunt
813 1198 978 1260 dominum
987 1198 1121 1276 Jesurn,
1142 1212 1172 1263 et

57 1326 124 1367 non
139 1306 261 1366 iaciunt
278 1324 360 1389 quae
377 1302 546 1387 praecipit,
572 1322 645 1362 cum
658 1302 768 1385 procul
782 1303 820 1363 ab
836 1320 874 1362 eo
887 1302 949 1362 sint
961 1298 1079 1380 corde,
1099 1301 1173 1369 salis

58 1424 136 1467 eum
161 1405 253 1468 labiis
274 1406 479 1466 honorantes.
504 1452 511 1467 .
562 1403 690 1482 Negans
714 1403 801 1465 enirn
826 1402 978 1463 virtutem
999 1423 1065 1487 qna
1086 1404 1174 1482 lingit

11 1522 13 1526 ’
58 1504 123 1566 esse
143 1504 252 1589 piurn,
288 1504 438 1587 operibus
455 1503 574 1589 respuit
594 1503 717 1581 lesum,
753 1515 786 1563 et
809 1503 883 1564 licet
905 1521 961 1563 ore
984 1503 1173 1564 confiteatur

58 1622 136 1665 eum
158 1604 191 1665 in
212 1623 305 1665 carne
323 1603 454 1667 venisse.
478 1653 485 1666 .
537 1604 617 1666 Sunt
638 1617 746 1667 autem
769 1600 899 1688 quidam
918 1603 1093 1680 haeretici,
1122 1602 1174 1688 qui

59 1723 164 1787 neque
181 1724 283 1789 usque
301 1701 341 1765 ad
354 1701 533 1766 sermonem
554 1705 751 1766 consentiunt
767 1705 801 1765 in
815 1723 908 1765 carne
920 1703 1044 1773 venisse
1054 1704 1173 1783 Jetnm,

58 1800 113 1865 sed
139 1815 196 1866 aut
221 1825 335 1890 corpus
360 1807 494 1868 coeleste
520 1827 596 1868 eum
618 1798 763 1867 detulisse
785 1812 913 1889 putant,
949 1814 1006 1865 aut
1024 1815 1115 1867 certe
1135 1803 1174 1867 ad

56 1904 257 1989 phantasiam
272 1906 438 1970 hominem
452 1909 627 1993 apparuisse
642 1908 838 1969 confirmant.
846 1949 868 1982 ‚,
911 1899 1050 1988 Saepius
1066 1916 1174 1969 contm

57 2003 237 2068 haereticos
252 2005 413 2088 Didymus
426 2009 597 2072 invehitur.
640 2007 689 2070 Ita
707 2004 747 2068 de
761 2016 800 2067 tr.
815 2003 859 2081 H,
878 2017 925 2081 tt,
940 2014 1022 2071 242:
1055 2006 1175 2083 „Hae-

58 2107 187 2187 retic1”,
209 2107 269 2187 ait,
292 2109 636 2194 ,‚ea1n,·quaminitio
654 2109 833 2186 elegerunt,
854 2105 941 2167 viam
952 2117 1122 2186 tenentes,
1143 2119 1174 2170 et

59 2209 205 2293 proprias
227 2211 458 2294 speculationes
478 2207 697 2294 doctrinasque
718 2227 775 2293 per
794 2203 940 2267 medium
958 2207 1066 2269 veluti
1080 2210 1173 2272 chaos

59 2320 305 2391 promoventes,
339 2309 373 2370 in
394 2310 454 2370 hac
474 2311 573 2373 etiarn
593 2311 758 2371 oraculum
777 2306 945 2384 insultant,
981 2326 1017 2370 ac
1040 2320 1172 2390 temere,

58 2418 97 2469 ut
112 2409 263 2486 assolent,
290 2408 525 2486 contradicunt,
548 2421 643 2494 atque
659 2410 856 2494 impietatem
871 2427 945 2468 cum
956 2408 1126 2494 impietate
1140 2459 1149 2475 .
1164 2458 1174 2478 .

59 2508 209 2586 colligare
233 2529 269 2569 ac
293 2518 420 2568 nectere
441 2518 612 2587 conantur,
646 2512 756 2572 sutiles
778 2509 917 2581 rationes
940 2511 1174 2596 proferendo”,

58 2616 94 2669 et
112 2603 154 2668 de
169 2618 207 2669 t‘r.
221 2605 280 2686 111,
297 2618 324 2684 1,
344 2616 404 2671 317
427 2617 551 2692 praeter
572 2609 633 2669 alia
651 2612 750 2672 verba
772 2612 857 2672 haec.
871 2611 985 2671 habet:
1017 2608 1175 2698 „Saepe·

58 2726 195 2769 numero
214 2728 296 2793 quae
314 2703 355 2769 de
373 2705 441 2793 ipso
460 2706 527 2770 lilio
545 2721 600 2771 eut
618 2712 656 2772 ab
673 2711 738 2796 ipso
754 2709 837 2772 dicta
856 2731 920 2779 nou
939 2711 1091 2790 fuerunt,
1118 2723 1175 2775 aut

59 2827 142 2893 quae
171 2829 287 2870 arcano
309 2820 405 2892 atque
436 2808 643 2888 aenigmatico
667 2814 755 2876 sensu
782 2814 893 2898 scripta
917 2812 1004 2891 sunt,
1047 2833 1087 2877 ea
1106 2814 1175 2877 [ino

57 2908 209 2970 examine
234 2908 321 2992 quasi
344 2919 452 2969 contra
471 2908 575 2992 ipsam
598 2921 653 2972 aut
673 2915 712 2974 ab
736 2913 801 2998 ipso
822 2912 1031 2998 pronunciata
1050 2935 1176 3001 propo-

57 3021 157 3088 nunt,
185 3021 218 3072 et
237 3029 369 3095 pravam
390 3008 566 3093 quamlibet
582 3021 678 3096 atque
696 3012 855 3075 infirmem
874 3015 1175 3099 interpretationem

56 3108 190 3193 plurimi
208 3100 346 3189 fuciunt3
375 3130 410 3173 ec
429 3111 611 3196 semetipsos
629 3112 709 3174 nihil
721 3116 760 3175 ab
772 3115 1006 3177 irrationalibus
1020 3117 1175 3179 animali-

56 3209 118 3274 bus
132 3208 347 3295 discrepantes
363 3211 518 3273 exhibent
530 3213 604 3274 huic
619 3213 810 3298 optatissimo
830 3205 1090 3300 (περιποθὴτῳ)
1111 3215 1175 3279 do-

56 3312 166 3390 mino,
194 3311 249 3397 qui
270 3306 435 3374 credentes
456 3309 543 3374 ducit
560 3313 627 3374 fine
647 3314 800 3385 violentie
821 3313 857 3374 in
876 3315 990 3398 patris,
1013 3317 1172 3402 suiipsius

55 3422 93 3474 et
114 3411 212 3474 sancti
236 3410 363 3495 spiritus
387 3434 493 3475 -unum
517 3410 722 3476 individuum
747 3414 921 3493 regnum.”
976 3414 1097 3497 Pagina
1121 3421 1175 3479 se-

55 3523 176 3599 quente
190 3524 297 3575 autern
311 3509 416 3574 addit:
452 3506 636 3596 Ταρόττειι
650 3512 688 3580 δὲ
701 3512 759 3577 καὶ
769 3505 999 3597 ταράττεσθαι
1015 3514 1174 3583 δοκοῦσιν

56 3603 93 3679 οἱ
112 3611 256 3693 τεχνικοὶ
274 3605 370 3697 λόγοι
390 3614 589 3693 (artificiosae
613 3619 936 3700 argumentationes),
968 3608 1007 3683 οἳ
1023 3612 1176 3685 πλεονά-

57 3767 261 3790 —u-u-

25 3945 28 3949 ,
123 3882 191 3927 tura
208 3874 247 3927 eli
261 3876 406 3931 bonarmn
419 3876 552 3948 largitrix
566 3879 729 3951 trinitn”,
757 3840 986 3953 1111111191
1018 3887 1173 3958 „liupun-

123 3968 286 4015 tutantem
302 3966 353 4035 qui
368 3982 385 4017 a
400 3966 500 4035 quavis
515 3965 626 4020 haeresi
642 3968 801 4034 recedunt,
823 3972 892 4041 quia
903 3986 964 4023 nnn
979 3968 1091 4027 habent
1105 3977 1172 4029 san·

124 4052 208 4182 {tim
219 4045 370 4185 :prisma
388 4050 538 4121 episcopus
552 4067 621 4106 vero
632 4052 709 4108 solua
726 4070 780 4126 per
793 4054 949 4109 coucam
960 4056 1091 4126 patiam
1104 4076 1169 4131 per·

176 4138 189 4181 t
203 4146 219 4185 ο
258 4132 367 4192 'ama.'⁸
930 4160 933 4167 ·
