2572 4770
116 234 190 304 890
270 290 277 297 .
442 213 531 308 Gap·
552 213 624 287 ΙΙΙ
675 210 906 339 Dugmatica.

116 403 277 486 Origenes
291 398 529 484 alloquuntur),
551 391 641 459 Dei
630 414 667 457 ιιι
679 387 929 457 administrando
941 386 1070 453 mundo
1092 386 1146 471 (de
1157 390 1232 453 san-

111 506 220 574 ·tentia
239 501 481 579 Athenagorae,
516 493 690 559 Clementis
709 506 741 556 et
764 491 929 574 Origenis)
954 490 1136 569 ministros,
1168 491 1233 553 ho-

119 605 312 687 minumque
328 594 500 680 (judicibus
516 595 700 673 Clemente,
720 590 862 674 Didymo
876 603 909 656 et
921 590 1066 654 maxime
1079 589 1235 671 Origene)

118 704 291 781 tutelares,
318 702 421 778 bona,
448 700 527 775 hos,
554 695 626 760 Deo
647 695 804 780 sapienter
824 714 890 755 non
910 692 1125 778 prohibente,
1153 691 1237 754 malt

120 800 308 869 bominibus
326 800 448 862 afferre.
497 798 625 881 (Neque
642 806 748 858 tamen
763 828 807 841 -
826 792 866 855 de
879 792 1036 868 sententia
1050 791 1236 873 Clementis,

98 888 101 895 ¹
122 899 259 981 Didymi
276 910 310 962 et
330 899 498 987 praecipue
515 895 663 975 Origenis
681 891 783 956 -de
799 894 916 954 horum
935 893 1035 954 salute
1057 894 1157 978 plane
1178 890 1235 954 de-

122 997 315 1086 sperandum
342 1003 407 1080 est,
443 993 636 1075 dummodo,
677 992 710 1057 id
737 990 825 1080 quod
853 992 985 1055 omuino
1010 995 1165 1073 valeant,
1198 991 1235 1056 ad

123 1095 234 1167 Deum
248 1110 463 1178 revertantur,
484 1118 582 1184 quam
594 1096 833 1159 conversionem
848 1091 1007 1173 Origenes
1018 1126 1065 1143 ·-
1078 1094 1237 1159 verisimi-

99 1260 102 1265 .
123 1192 200 1271 liter
216 1197 315 1261 etiam
333 1197 483 1263 Clemens
502 1209 536 1260 et
554 1196 770 1279 Didymus-
784 1215 895 1257 revera
914 1195 1104 1281 exspectat).
1149 1192 1237 1276 Quae

124 1297 199 1362 aliie
206 1295 436 1362 Alexandrinis
448 1299 541 1361 aliter
555 1298 621 1360 visa
633 1299 706 1359 sunt
719 1289 1006 1382 (quemadmodum
1012 1294 1240 1378 Athenagoras

125 1394 318 1462 atClemens
329 1432 372 1447 --
383 1397 663 1475 cumTertulliano
678 1394 719 1458 de
733 1394 812 1457 idol.
828 1416 853 1456 c.
863 1405 913 1473 9.‚
936 1392 977 1456 de
989 1396 1054 1462 vel.
1068 1394 1153 1477 virg.
1167 1420 1192 1460 c.
1200 1409 1239 1478 7.,

125 1497 262 1560 attis-
284 1497 396 1560 favent
420 1499 537 1561 literali
566 1495 760 1560 narrationis·
784 1494 826 1556 de
849 1494 1017 1557 concubitu
1044 1493 1240 1561 daemonum

118 1605 203 1662 'cum
211 1597 398 1661 mulieribus
410 1599 561 1662 humanis
570 1594 839 1683 interpretationi,
861 1593 1019 1677 Origenes
1027 1596 1241 1680 allegoricae),

127 1694 240 1759 omnia
256 1704 392 1763 tractare
407 1701 529 1781 lingula
549 1701 684 1786 (quippe
698 1690 779 1783 quae
791 1697 954 1758 communi
967 1696 1094 1760 ratione
1110 1700 1242 1785 conspici

32 1828 36 1835 ·
128 1793 189 1858 vix
211 1798 364 1881 queant),
395 1800 522 1880 longius
543 1803 604 1876 est,
642 1817 746 1884 neque
768 1798 991 1879 necessarium,
1011 1816 1105 1863 ¹cum
1129 1821 1173 1864 ex
1190 1804 1242 1864 su·

129 1916 188 1985 pra
212 1898 317 1961 allatis
342 1900 538 1981 singulorum
562 1897 767 1984 opinionibus
788 1898 884 1962 facila
904 1900 1104 1986 comparatio
1128 1902 1243 1968 institui

130 1996 236 2086 possit.
286 1999 400 2085 Neque
423 2013 532 2063 tamen
557 1998 713 2081 gnosticae
730 1997 888 2085 quaedam
909 2000 1079 2085 opiniones
1101 2015 1244 2089 praeter-

131 2096 309 2163 mittendae
327 2101 408 2165 sunt.
457 2099 611 2191 Basilides
626 2097 740 2162 eadem
754 2101 877 2167 ratione
892 2096 933 2162 de
946 2101 1001 2162 luo
1016 2102 1175 2168 archonte
1192 2106 1243 2186 (cs.

132 2196 261 2266 Neand.
286 2195 394 2263 enon.
420 2198 501 2282 Syst.
524 2222 556 2287 p.
579 2207 630 2267 47.
653 2203 713 2280 80)
739 2211 773 2264 et
790 2198 1079 2279 Valentinianide
1107 2205 1166 2269 suo
1188 2205 1244 2270 de-

48 2318 51 2325 ·
134 2298 261 2379 miurgo
280 2299 477 2379 cogitarunt,
507 2322 570 2387 qua
584 2300 740 2382 Origenes
755 2297 796 2362 de
809 2300 938 2381 singulis
952 2301 1093 2384 angelis,
1119 2305 1247 2393 reliquis

136 2399 284 2481 gentibus
317 2411 405 2461 extra
433 2402 592 2488 populum
617 2400 680 2464 Dei
705 2421 736 2464 a»
749 2400 822 2466 Deo
848 2400 1026 2488 praefactis.
1083 2401 1248 2471 Sententia
1280 2438 1282 2451 ·

136 2520 234 2586 porro
251 2496 444 2576 Clementis,
473 2521 516 2563 ex
534 2521 596 2584 qua
610 2501 734 2581 angeli,
756 2498 998 2586 quibusmundi
1015 2522 1091 2565 cura
1106 2501 1183 2568 data
1198 2509 1248 2588 est,

136 2600 301 2663 solventur
320 2596 489 2683 aliquando
510 2600 570 2661 hoc
588 2618 739 2678 ruunere,
764 2598 859 2663 ualde
880 2602 1249 2687 appropinquutgnolli-

106 2776 109 2781 Ι
138 2717 251 2763 eorum
269 2696 413 2785 opinioni
433 2695 626 2777 dicentium,
652 2695 811 2761 mundum
826 2720 883 2786 per
899 2699 1106 2783 demiurgum
1119 2710 1250 2796 ejusque

140 2800 273 2881 angelos
286 2796 511 2875 administrari,
539 2818 640 2884 usque
656 2796 751 2877 dum,
773 2800 964 2884 spiritalibus
978 2796 1102 2869 naturis
1114 2806 1150 2869 in
1162 2799 1250 2895 πλή-

140 2917 241 2981 ρωμα
254 2898 361 2975 elatia,
383 2896 442 2979 ipsi
454 2899 493 2959 ab
507 2897 566 2959 isto
578 2897 683 2961 officio
700 2901 833 2964 molesto
848 2902 1022 2966 liberentur
1035 2904 1178 2986 (Neand.
1191 2912 1216 2973 l.
1229 2911 1249 2977 l.

141 3019 176 3083 p.
191 3001 281 3077 219).
324 2995 473 3081 Denique
488 3017 560 3060 cum
575 3003 688 3064 nostris
702 3000 822 3066 lilarcio
835 3001 1015 3084 contendit,
1037 3003 1252 3073 idololatriam

142 3095 184 3159 ult
197 3095 307 3184 inrapiis
320 3090 532 3161 daemonibus
551 3099 632 3162 affici
653 3103 711 3182 (ib.
733 3125 764 3189 p.
784 3107 873 3183 285).

229 3195 445 3261 Hominem
463 3201 564 3263 tribus
583 3202 722 3264 constare
741 3221 783 3264 ex
795 3204 955 3287 partibus,
964 3227 1126 3293 corpore,
1147 3208 1252 3275 anima

143 3305 180 3360 et
198 3294 307 3381 spiritu
329 3299 486 3379 (mente),
523 3298 690 3382 Clemens,
724 3299 881 3383 Origenes
903 3314 935 3366 et
956 3304 1117 3390 Didymus
1135 3307 1253 3392 dicunt,

144 3394 302 3483 ideoque,
333 3398 418 3483 quod
440 3398 482 3461 ad
505 3401 601 3462 verba
619 3401 749 3480 attinet,
773 3405 970 3486 agnosticis,
996 3409 1050 3492 qui
1066 3409 1129 3472 trin
1144 3411 1254 3475 inbo-

145 3498 238 3562 mine
257 3498 414 3585 principia
433 3486 645 3581 distinguunt,
671 3497 712 3566 τὸ
730 3498 970 3583 πνευματικὸν,
998 3528 1038 3572 ιο
1026 3500 1206 3590 ψυχικὸν
1223 3522 1254 3575 et

146 3592 189 3658 τὸ
205 3589 337 3673 ostada,
372 3598 503 3682 propius
522 3602 650 3682 absunt,
685 3623 781 3720 quam
802 3603 1037 3685 Tertullianus,
1066 3609 1122 3694 qui
1146 3611 1255 3676 homi-

147 3698 201 3762 nis
235 3699 375 3761 animam
411 3709 444 3759 et
477 3698 620 3782 spiritum
656 3702 791 3767 minime
826 3705 947 3789 separat
980 3707 1044 3784 (cf.
1080 3706 1123 3772 de
1152 3712 1255 3777 amota

149 3802 544 3879 c.to-·1220.21.).-
580 3802 727 3868 Gnostica
752 3824 830 3867 vero
852 3805 910 3869 isto
929 3805 1085 3894 principia
1106 3809 1132 3874 li
1152 3814 1256 3875 sein·

148 3897 254 3962 nicam
276 3895 468 3974 excludunt,
498 3900 578 3961 baec
597 3903 769 3983 sententia,
796 3905 974 3968 haereticae
995 3921 1092 3971 notae
1111 3913 1255 3991 gnosticis

15 4050 17 4055 ,
140 3999 296 4087 proprie,
322 3998 553 4064 Alexandrinis
570 4002 704 4067 minime
723 4004 876 4090 probatur
893 4005 941 4087 (id
961 4009 1046 4093 quod
1060 4009 1102 4075 de
1116 4011 1255 4097 Origene

92 4162 95 4169 ,
149 4109 187 4162 et
203 4097 346 4183 Didymo
364 4111 513 4187 apparet,
538 4120 642 4189 neque
665 4103 707 4169 de
727 4105 893 4171 Clemente
910 4104 1043 4175 dubium
1059 4115 1126 4177 else
1145 4118 1254 4204 potest,
