2572 4770
543 270 722 363 Origenes.
869 356 872 361 Ι
1022 256 1025 262 ’
1085 260 1204 353 ”435
1278 332 1282 339 ,

90 457 176 537 lant,
196 463 235 518 ut
251 472 340 518 arma
357 449 504 541 publicae
524 449 672 515 utilitatis
688 450 779 515 caula
792 448 977 533 sumamus,
1006 465 1040 519 et
1051 453 1202 527 homines

89 554 303 635 trucidemus,
330 555 410 619 haec
428 553 592 641 possumus
610 551 820 640 respondere:
850 550 942 634 Quos
959 553 1046 642 apud
1064 578 1123 622 vos
1136 562 1203 625 ha-

90 658 173 722 betis
189 658 427 720 simulacrorum
448 649 661 740 quorumdam
680 649 858 719 sacerdotes
878 666 911 718 et
926 658 1103 731 vestrorum
1117 659 1203 727 den-

90 776 163 820 ruru
184 756 346 835 aedituos,
372 757 442 819 suae
458 754 509 817 illi
525 773 640 818 ananus
658 754 839 818 incruentas
851 756 993 838 serram,
1020 770 1058 821 ut
1070 780 1113 825 ue
1125 762 1204 825 san-

90 855 286 937 guinolentis
305 868 340 919 et
356 853 455 919 caede
473 855 606 940 pollutis
619 854 769 920 manibus
788 854 850 921 diis
864 858 975 923 vestiis
988 858 1134 927 victimae
1145 864 1205 932 of.

91 961 213 1039 serant,
243 955 331 1021 unde
352 979 413 1021 nec
432 956 567 1019 instante
586 956 672 1020 bello
688 955 762 1019 illos
774 949 852 1021 dare
864 958 998 1025 militiae
1013 981 1132 1027 nomen
1145 967 1205 1047 ju.

69 1096 72 1101 -
92 1060 183 1123 betis.
226 1057 264 1122 Id
275 1059 383 1139 srjure
395 1059 451 1139 fit,
467 1068 584 1145 qaanto
597 1056 719 1139 magis,
731 1056 803 1120 aliis
815 1057 936 1124 bellum
947 1064 1147 1141 gerentibus,
1170 1075 1205 1130 et

89 1158 243 1243 ilti[non]
251 1158 400 1238 militant,
407 1168 444 1221 ut
452 1157 1140 1248 Deisacerdotesetminiltri(deponentes),
1147 1164 1207 1227 in-

91 1262 262 1342 tcrrninatas
279 1257 412 1345 quidem
429 1261 590 1322 servantes
607 1279 739 1338 manue,
764 1255 962 1324 decertantes
979 1282 1058 1325 vero
1071 1264 1149 1328 fusis
1162 1262 1206 1331 ad

93 1362 201 1427 Deum
215 1358 362 1449 precibus
370 1382 427 1446 pro
437 1361 477 1423 iia
487 1360 631 1446 quijuste
638 1360 883 1440 belligerantur,
898 1370 995 1448 etpro
1006 1378 1047 1425 ee
1058 1363 1112 1451 qui
1124 1367 1207 1445 juste

93 1474 224 1544 regnat,
252 1472 287 1525 ut
301 1458 458 1547 quidquid
474 1459 667 1523 contrarium
681 1472 714 1525 et
725 1456 894 1524 inimicum
905 1463 952 1525 ell
963 1465 1043 1541 juste
1055 1464 1209 1530 facienti-

92 1565 154 1627 bus
174 1562 371 1652 profligetur.
427 1559 480 1623 Sic
497 1559 596 1623 etiarn
615 1581 689 1624 cum
706 1558 898 1642 daemones,
929 1563 986 1649 qui
1008 1565 1094 1629 bella
1108 1566 1211 1630 susci-

94 1673 165 1727 tent
191 1676 226 1727 et
249 1661 292 1727 ad
310 1660 442 1725 foedera
463 1659 606 1724 violenta
622 1660 795 1746 impellunt
810 1683 988 1751 pacemque
1009 1668 1209 1755 perturbant,

94 1762 241 1851 precibus
252 1762 478 1847 prodigamus,
499 1760 602 1842 magis
613 1757 734 1823 auxilio
747 1761 856 1826 sumus
867 1768 1089 1847 regnantibus,
1112 1787 1211 1853 quam

96 1863 153 1950 qui
181 1863 302 1943 gestare
321 1883 410 1925 arma
430 1861 591 1926 videntur.
645 1857 686 1925 In
709 1862 856 1926 laborum
877 1885 1007 1952 quoque
1027 1866 1213 1932 societatem

96 1962 290 2050 reipublicae
310 1967 401 2027 causa
419 1964 586 2044 venimus,
622 1958 702 2024 dum
713 1962 813 2041 {justis
833 1964 982 2048 precibus
1003 1962 1213 2046 adjungimus

97 2063 250 2131 exercitia
268 2072 302 2125 et
319 2061 564 2144 meditationes,
592 2081 675 2148 quae
696 2059 814 2125 docent
838 2063 999 2149 aspernari
1018 2066 1212 2151 voluptates.

97 2163 164 2241 ¹Sed
182 2176 216 2227 et
233 2164 307 2250 plus
319 2185 415 2251 quam
432 2163 532 2227 ceteri
543 2182 602 2250 pro
614 2161 807 2248 imperatore
818 2175 1009 2247 pugnamus.
1050 2164 1125 2230 Non
1136 2165 1216 2254 qui·

94 2258 176 2327 'dem
194 2266 251 2327 sub
271 2262 330 2326 illo
347 2265 543 2343 militamus,
572 2261 696 2325 etiarnsi
717 2259 893 2327 nos-adid
911 2274 1055 2345 cogeret3
1082 2263 1139 2329 sed
1154 2287 1216 2352 pro

97 2364 157 2429 illo
170 2364 363 2445 militamus,
393 2385 466 2427 curn
477 2362 605 2426 leorsrm
617 2362 746 2448 pietatis
759 2364 853 2426 cestra
865 2360 996 2425 sufinad
1009 2348 1119 2430 Deum
1134 2387 1218 2453 pre-

99 2465 190 2530 cibus
209 2467 413 2537 collocamus.
470 2460 594 2543 Quodsi
616 2462 697 2528 uelit
718 2462 827 2529 Celsus
854 2461 930 2527 duri
954 2463 1054 2533 etiam
1079 2486 1099 2529 a
1121 2467 1216 2535 nobis

99 2565 278 2630 exercitum
291 2563 333 2629 ad
344 2562 513 2629 tutandam
528 2564 683 2652 patriam,
710 2562 786 2626 sciat
803 2561 955 2650 idipsum
968 2572 1100 2653 quoque
1118 2587 1218 2631 ano-

99 2667 151 2733 bis
167 2667 256 2748 fieri,
281 2665 337 2731 sed
357 2688 424 2730 non
441 2677 478 2729 ut
498 2667 538 2728 ab
556 2663 741 2728 hominibus
752 2660 923 2727 videamur
938 2678 972 2728 et
984 2662 1063 2728 iude
1081 2667 1217 2746 gloriam

100 2779 274 2855 captemus.
329 2768 412 2834 Nam
433 2768 469 2829 in
486 2764 672 2829 abscondite
692 2764 799 2855 nostro
815 2775 848 2827 at
864 2763 980 2829 intima
996 2778 1107 2831 mente
1129 2769 1218 2871 puali

99 2867 279 2936 sacerdotes
303 2867 472 2933 fundimus
496 2865 537 2929 ad
556 2864 666 2928 Deum
684 2884 795 2949 preces
817 2884 875 2950 pro
896 2865 1017 2930 civium
1037 2868 1218 2933 uolucrum

101 2975 213 3039 salute.
272 2970 362 3053 Quin
382 2968 503 3056 patriae
524 2964 626 3046 magia
650 2966 780 3050 prosunt
798 2964 966 3031 Christiani
985 2987 1082 3054 quam
1100 2968 1218 3057 reliqui

103 3077 263 3142 homines.
313 3071 398 3136 Suos
416 3068 504 3133 enim
525 3067 612 3129 cives
629 3063 797 3148 erudiunt,
824 3068 980 3153 pietatem
999 3069 1033 3133 in
1050 3068 1220 3135 universo..

102 3199 176 3242 rum
190 3177 300 3241 Deum
315 3173 447 3251 docent,
476 3180 509 3232 et
530 3168 565 3231 in
580 3167 724 3232 diuinam
741 3166 902 3255 quandam
921 3188 959 3232 ac
976 3170 1146 3236 coelestem
1166 3172 1219 3235 ci·

102 3280 240 3345 vitatem
262 3276 407 3343 evehunt
434 3291 509 3351 eos,
545 3268 602 3357 qui
622 3258 661 3333 in'
679 3268 823 3332 minimis
841 3269 910 3334 iltis
930 3270 1111 3337 civitatibus
1132 3283 1219 3339 recte

104 3376 260 3445 vivunt.”
698 3370 702 3377 ⁴

188 3479 334 3545 Omnino
353 3494 432 3540 non
453 3472 495 3537 in
515 3469 836 3537 administranda
856 3469 1028 3536 civitate
1049 3470 1217 3554 (ethnica),

103 3578 173 3649 ted
193 3578 372 3645 ecclesia
394 3574 644 3642 Christianorum
663 3595 793 3662 operam
812 3572 997 3661 ponendam
1014 3574 1078 3636 elle
1095 3571 1219 3652 Orige-

104 3702 164 3747 nes
183 3681 314 3746 censuit.
366 3677 503 3760 „Noe’',
527 3674 577 3738 ait
597 3696 625 3738 c.
644 3673 831 3756 centul,
852 3685 902 3741 75.
924 3697 956 3761 p.
974 3684 1054 3754 tes,
1086 3673 1218 3756 „etiem

105 3782 149 3846 ad
170 3781 371 3864 magistratus
396 3800 455 3867 pro
477 3777 580 3866 patris
608 3774 938 3857 gerendos-hortatur
959 3774 1085 3854 Celsus,
1120 3775 1146 3837 ll
1174 3766 1219 3838 ad

104 3882 243 3948 tuendas
255 3885 343 3963 leges
357 3883 572 3969 pietatemque
584 3876 619 3939 id
632 3878 688 3939 tiat'
700 3880 822 3940 necesse
835 3879 883 3941 sit.
925 3872 991 3939 Sed
1009 3894 1070 3938 nos
1083 3872 1140 3961 qui
1152 3873 1218 3937 sci-

105 4003 180 4047 mus
194 3985 230 4048 in
241 3982 371 4066 lingulis
385 3981 565 4046 civitatibus
580 3980 677 4041 aliam
689 3980 754 4045 esse
766 3978 901 4065 patriam
914 3972 1121 4040 eVerboDei
1135 3974 1218 4037 cou'-

104 4083 263 4166 stitutum,
293 4106 349 4149 eoa
365 4094 402 4147 ut
419 4084 565 4147 ecclesias
581 4093 693 4163 regant
712 4082 893 4159 hortamur,
913 4076 970 4165 qui
987 4089 1135 4162 potentes
1147 4077 1220 4139 seru

104 4203 204 4251 moue
225 4199 257 4251 et
266 4204 408 4273 ¹quorum
421 4185 608 4259 moraciani
625 4186 708 4259 sunt,
751 4179 817 4262 Qui
835 4174 1004 4263 dignitates
1014 4186 1140 4260 nuent,
1160 4190 1218 4253 epe

733 4283 791 4350 Ee
816 4294 836 4351 2
