2572 4770
110 258 214 343 Μ’
388 201 393 209 ‘
428 261 517 361 Cap.
541 259 614 333 ΙΙΙ.
664 247 896 353 Dogmutica.
962 292 965 297 ·
997 318 1001 325 .

108 434 257 519 bibetur,
275 447 346 502 turn
360 440 497 505 termino
512 440 614 523 vitae,
630 441 686 528 qui
700 440 840 528 aequalis
852 433 1094 522 communisque
1107 453 1224 499 omncs

111 552 239 623 manet3
272 563 455 628 quanquam
467 565 544 606 vero
557 545 653 607 etiam
667 540 874 605 ratiocinandi
890 541 940 603 vis
955 536 1068 601 eadem
1082 549 1114 599 et
1129 557 1225 598 com-

45 679 48 687 =
111 643 378 708 munisomnium
389 644 447 723 sit,
469 647 824 732 unusquisquetarnen,
853 653 947 728 prout
966 639 1224 724 partimsuoin-

112 745 209 827 genio
229 746 378 824 inclinat,
406 746 522 832 partim
541 766 559 806 a
574 746 715 832 principe
730 743 897 806 materiam
914 741 1076 802 obtinente
1088 751 1122 800 et
1137 741 1225 800 asse-

34 922 39 934 Χ
115 844 173 909 ctis
187 848 275 927 ejus,
296 846 391 909 malis
407 845 525 926 geniis,
551 845 700 926 aflicitur,
728 848 810 909 alius
831 845 922 906 aliter
936 843 1038 903 fertur
1051 851 1226 907 movetur·-

115 946 217 1032 que.’'
265 946 315 1011 cf.
329 970 355 1011 c.
370 957 420 1013 28.
448 958 573 1033 p.108:
604 947 673 1027 „Et
691 949 753 1010 hoc
769 960 844 1009 tunc
867 942 1007 1005 maxime
1027 943 1060 1002 in
1079 940 1224 1004 animum

92 1100 98 1115 .
116 1044 212 1127 cadit,
225 1069 297 1110 cum
308 1047 452 1134 spiritum
464 1048 663 1110 materialem
675 1049 710 1110 in
723 1048 753 1108 se
765 1043 888 1108 admisit
902 1043 995 1129 eique
1008 1043 1127 1104 unione
1141 1064 1227 1127 qua-

64 1140 69 1149 ’
118 1143 194 1209 dam
207 1149 385 1233 permixtus
397 1147 458 1220 est,
471 1169 535 1209 non
551 1146 591 1209 ad
603 1148 749 1211 coelestia
762 1159 793 1208 et
808 1164 920 1208 eorum
937 1140 1150 1223 conditorem,
1171 1142 1225 1207 sed

118 1240 268 1308 deorsum
289 1245 331 1309 ad
352 1248 508 1308 terrestria
527 1248 659 1311 omnino
680 1248 848 1332 respiciens
867 1245 956 1306 etin
976 1257 1111 1324 terram,
1141 1247 1226 1333 quali

117 1345 246 1425 languis
269 1347 395 1433 prorsus
421 1359 455 1411 et
479 1370 567 1428 caro,
600 1372 666 1412 non
694 1349 832 1433 amplius
854 1367 952 1431 purus
975 1346 1100 1430 spiritus
1124 1347 1226 1426 stt.”).

120 1440 257 1519 Minime
268 1467 347 1509 vero
361 1468 403 1509 ex
414 1451 481 1512 solo
495 1470 624 1537 corpore
639 1460 803 1535 peccatum
817 1445 1035 1531 proficiscitur3
1057 1468 1163 1532 nequa
1173 1451 1230 1511 so·-

120 1542 193 1607 sum
215 1566 328 1631 corpus
345 1561 453 1633 peccat
466 1548 529 1628 (de
542 1550 767 1614 resurrectione
782 1571 808 1611 c.
826 1560 874 1614 16.
897 1569 928 1633 p.
944 1551 1039 1625 201),
1057 1566 1162 1634 nequa
1175 1549 1230 1612 so-

119 1640 173 1706 lus
186 1645 313 1710 anirnus
326 1649 478 1713 virtutem
493 1663 620 1714 exercet
633 1653 689 1731 (ib.
703 1674 727 1714 c.
746 1662 793 1716 17.
816 1671 846 1735 p.
862 1662 924 1713 210
936 1650 1013 1733 sq.),
1035 1646 1090 1711 sed
1100 1659 1231 1711 utrum·-

34 1752 41 1767 '
121 1761 188 1829 que
205 1743 243 1806 fit
260 1748 300 1808 ab
320 1760 475 1835 utroque,
503 1754 541 1814 ab
564 1754 672 1815 animo
694 1764 727 1816 et
745 1769 891 1836 corpore,
910 1760 1008 1812 atoto
1027 1749 1159 1811 homine
1172 1750 1229 1831 (ib.

122 1848 473 1937 pwmmmn

531 2022 833 2109 Eschotologio.

132 2186 137 2197 ι
210 2146 344 2216 Summa
358 2173 489 2236 eorum,
504 2178 591 2242 quae
602 2157 822 2235 Athenagoras
834 2151 916 2216 libro
931 2149 1081 2231 singulari
1100 2148 1147 2215 de
1167 2173 1236 2215 re-

126 2245 378 2317 surrectione
403 2275 446 2317 ex
466 2258 532 2319 sola
553 2259 676 2319 ratione
695 2258 834 2318 humana
860 2248 1047 2337 disputavit,
1074 2254 1152 2315 haec
1173 2256 1236 2317 eli:

127 2341 156 2409 F
157 2358 249 2412 utura
268 2353 308 2413 in·
322 2356 549 2418 resurrectione
569 2356 692 2442 pristini
710 2355 850 2440 corporis
868 2356 1026 2416 elementa
1038 2355 1143 2416 rursus
1157 2376 1238 2416 con-

126 2445 317 2528 jungentur,
339 2451 428 2515 idem
444 2476 557 2539 corpus
571 2454 707 2519 eandam
722 2457 863 2517 animam
882 2453 1095 2540 recuperabit,
1125 2475 1240 2540 corpus

55 2588 60 2599 -
127 2541 284 2610 Quum
304 2548 467 2616 doloribus
479 2575 553 2616 mon
571 2557 764 2635 obnoxium,
792 2558 825 2618 in
848 2554 932 2642 quod
949 2552 1165 2641 putredo-non
1183 2576 1243 2616 ca·-

130 2639 190 2708 alit.
235 2647 332 2730 Quod
347 2651 387 2715 ad
401 2653 700 2735 demonstrandum,
726 2657 916 2737 sagacissime
935 2651 1071 2717 ostendit
1089 2656 1242 2740 primunr,

130 2749 272 2833 eorporis
293 2753 493 2819 resuscitandi
515 2777 572 2819 nec
589 2759 773 2819 facultatem
796 2778 854 2820 nec
873 2759 1072 2820 voluntatem
1088 2754 1159 2818 Deo
1180 2753 1243 2818 de-

130 2847 198 2912 esse
210 2852 426 2938 (facultatem,
455 2879 537 2944 quae
557 2859 592 2921 in
610 2860 673 2921 sese
692 2856 941 2945 comprehendet
956 2855 1116 2918 scientiam
1130 2877 1166 2917 ac
1177 2878 1243 2942 po-

133 2952 286 3035 tentiam,
315 2968 385 3020 tum
406 2961 519 3043 probat
536 2980 578 3021 ex
598 2980 695 3046 opere
713 2959 895 3040 creationis,
916 2969 987 3019 tum
1002 2954 1148 3017 defendit
1161 2978 1246 3018 con·

99 3070 110 3087 ·
133 3059 184 3115 tra
200 3055 395 3133 objectiones
415 3061 582 3139 gentilium
596 3064 874 3148 philosophorum,
901 3058 1051 3146 repetitas
1068 3058 1246 3141 acorpori-

134 3151 196 3217 bus
215 3155 365 3221 humanis
388 3161 441 3221 vel
467 3163 630 3242 abestiis,
662 3164 716 3225 vel
733 3164 773 3225 ab
793 3162 979 3224 hominibus
999 3156 1174 3237 devoratis,
1205 3160 1245 3219 ab

117 3261 234 3342 'opere
246 3258 352 3321 forma
364 3260 489 3344 privato
503 3272 579 3344 cet.;
602 3263 801 3325 voluntatem
815 3286 853 3326 eo
866 3264 994 3349 probat,
1015 3257 1100 3345 quod
1116 3278 1217 3345 nequ
1227 3277 1248 3320 e

134 3352 289 3436 injustum
307 3361 362 3440 sit,
389 3360 542 3425 invitam
561 3384 709 3427 revocare
729 3376 891 3442 mortuos,
929 3382 1002 3424 cum
1021 3359 1111 3422 nulla
1131 3359 1248 3437 injuria

136 3455 211 3539 fiat,
239 3481 345 3546 neque
364 3465 598 3545 resurgentibus
618 3484 793 3550 eorumque
819 3466 872 3529 vel
895 3462 1019 3525 anirnae
1039 3462 1093 3521 vel
1112 3458 1249 3545 corpori,

138 3578 246 3647 neque
260 3562 331 3629 aliis
347 3566 500 3633 creaturis
511 3578 601 3629 extra
615 3566 718 3653 ipsos3
740 3584 869 3651 neque
881 3560 1048 3644 indignum
1057 3558 1147 3640 Deo,
1163 3553 1252 3644 quod

138 3663 338 3727 screatione
358 3666 475 3729 iterum
495 3665 719 3748 demonstrat),
751 3687 787 3728 ac
811 3662 887 3724 dein
906 3659 1116 3723 fundamenta
1140 3662 1253 3722 causae

139 3758 216 3825 suae
235 3762 348 3844 tradit,
376 3767 519 3853 primum
537 3768 576 3830 lit
591 3766 664 3828 linis
679 3765 837 3842 hominis,
863 3763 919 3848 qui
935 3763 1019 3824 ineo
1033 3771 1194 3840 comatur,
1216 3768 1253 3819 ut

29 3941 31 3946 ¹
140 3864 241 3932 homo
255 3868 293 3930 sit
305 3879 478 3953 perpetuus
489 3868 642 3952 spectator
654 3866 824 3952 sapientiae
838 3861 985 3942 divinae,
1010 3863 1146 3924 alterum
1161 3882 1255 3924 com-

142 3967 263 4035 munis,
277 3968 448 4030 hominum
469 3979 582 4030 natura
602 3967 656 4028 vel
676 3964 831 4043 conditio,
859 3965 908 4025 cui
928 3960 969 4024 ad
996 3959 1256 4047 consequendum

144 4066 230 4130 ritae
251 4066 413 4131 rationalis
434 4069 534 4131 linem
555 4065 708 4132 debeatur
726 4069 793 4130 vita
810 4088 831 4151 p
868 4077 981 4175 petua,
1013 4063 1144 4126 tertium
1166 4059 1257 4141 judi-

144 4167 232 4243 tium
254 4167 426 4238 condituris
451 4166 494 4234 da
511 4168 695 4236 hominibus
717 4170 923 4233 necessarium
943 4177 1012 4229 tum
1032 4150 1259 4255 proptar'pro-
