2572 4770
347 187 518 342 ⁸Origenes
542 245 874 340 (Antirropologr'o).
1091 260 1165 324 1188
1212 192 1227 319 ,Ι
1255 350 1262 359 .

70 448 187 516 equam
206 427 239 491 in
258 448 388 513 corpora
408 427 514 491 nostra
532 423 775 507 descendissent,
804 430 869 509 jam
883 426 1031 492 exstitisse
1044 428 1167 493 animas

69 535 210 625 [quarum
226 530 388 606 mimium,
417 549 499 614 quae
520 528 558 590 ab
578 527 670 590 initio
682 528 800 615 su'erit,
824 533 1044 616 aequalitatem
1060 541 1168 591 contra

69 634 288 696 {ieracleonem
303 631 405 692 asserit
418 631 452 690 in
465 627 538 691 Joh,
552 629 615 692 rol.
631 626 690 708 IV,
708 632 784 709 887)
801 632 840 691 ab
854 631 978 693 infinito
993 628 1068 691 inde
1080 641 1169 692 tem-

69 755 155 819 sore,
182 735 256 796 licet
276 754 342 793 non
357 732 417 793 smt
436 728 596 810 ingenitae
619 726 674 807 (de
689 732 788 815 princ.
802 731 828 811 I,
843 741 872 810 8,
891 742 919 797 8.
942 753 973 816 Ρ.
990 736 1063 812 61),
1086 754 1169 796 con-

69 833 172 898 endit.
215 834 284 896 Hoc
301 831 493 894 demonstrat
508 849 635 915 quoque
658 829 691 889 in
709 830 822 895 lilatth.
841 829 881 895 T.
897 830 974 910 XV,
992 839 1027 897 14
1045 835 1087 919 sq.
1102 832 1168 898 voi.
1229 852 1234 877 ¹·

69 935 120 1014 ill,
139 948 199 1001 702
211 937 293 1020 sqq.,
316 934 371 995 ubi
384 935 482 995 verba
492 979 514 1010 „
528 939 609 1015 qu'ae
624 930 777 1016 leguntur,
785 931 819 993 in
837 933 984 1017 parabola
999 934 1112 997 Christi
1127 930 1169 998 de
1250 964 1262 1011 ,-

69 1037 216 1120 >parariis
240 1036 273 1096 in
295 1033 389 1095 vinea
415 1030 542 1111 (lllatth.
563 1028 641 1108 XX,
664 1033 716 1110 6):
752 1029 840 1111 Quid
858 1033 910 1094 hic
928 1033 1013 1096 statis
1032 1045 1098 1095 tota
1116 1033 1170 1096 die

69 1133 231 1198 ›riorrt-
251 1134 354 1198 Nemo
365 1153 423 1194 nos
435 1129 684 1192 conduxit—et
694 1130 879 1211 hujusmodi
893 1134 964 1212 alia,
987 1125 1171 1222 προΰπαρ-
1259 1164 1262 1169 ·

69 1237 111 1310 {tv
118 1280 129 1310 ,
150 1234 423 1320 praeexistentiam
437 1232 613 1293 animarum
627 1232 766 1316 spectare
784 1230 859 1295 dicit
872 1234 918 1314 θ).
962 1233 1044 1322 Tota
1060 1245 1170 1321 autem

69 1356 140 1397 ,saec
161 1335 300 1395 doctrina
317 1338 381 1413 jam
397 1334 498 1418 potest
518 1332 656 1413 intelligi
675 1353 717 1394 ex
737 1332 794 1412 iis,
821 1354 902 1419 quae
921 1331 960 1396 de
979 1334 1100 1396 naturis
1114 1354 1171 1396 ra-

69 1435 264 1497 sonabilibus
285 1436 319 1496 in
336 1435 521 1496 universum
546 1433 637 1518 supra
663 1429 875 1499 disseruimus.
929 1433 1074 1516 Quarum
1093 1435 1171 1522 qui-

69 1534 137 1599 iem
149 1537 257 1620 plures
277 1532 485 1621 (deprimi,
502 1545 531 1612 8,
547 1547 577 1599 2.
600 1554 631 1618 Ρ.
649 1539 706 1614 743
734 1532 777 1615 Π,
793 1548 823 1614 9,
840 1548 869 1600 7.
892 1556 923 1622 Ρ.
939 1540 1011 1616 99),
1038 1535 1074 1598 in
1089 1536 1170 1599 statu
1252 1616 1254 1621 Ι

69 1639 116 1698 Tuo
138 1635 263 1698 coelesti
277 1637 377 1699 libero
396 1634 524 1698 arbitrio
544 1635 673 1704 abusae,
700 1635 740 1696 ob
757 1655 892 1720 eamque
913 1639 1035 1696 caussam
1053 1657 1173 1723 corpo—

69 1741 149 1802 ribus
163 1739 312 1800 humanis
328 1735 458 1800 indutae
474 1737 531 1816 (ib.
546 1735 574 1814 Ι,
590 1748 618 1814 7,
636 1741 665 1799 s.
685 1756 716 1820 Ρ.
733 1740 804 1817 72),
832 1730 973 1812 οἰκείοις
984 1738 1055 1810 τοῖς
1069 1724 1173 1821 ἤθεσι

69 1838 128 1904 uir
146 1838 263 1922 ψυχῶν
285 1842 324 1918 (c.
348 1837 425 1900 Cels.
446 1836 472 1910 I,
497 1847 547 1902 88.
571 1859 601 1921 Ρ.
624 1839 718 1914 851),
751 1840 816 1914 jam
839 1836 898 1899 hac
922 1837 957 1897 in
977 1847 1060 1899 terra
1080 1840 1192 1902 sartio

69 1942 126 2003 iuis
143 1938 255 2019 dignas
271 1960 391 2022 poenas
409 1940 504 1999 luuut
527 1935 583 2014 (de
605 1934 702 2020 princ.
718 1933 760 2015 H,
775 1948 804 2013 9,
823 1948 851 2001 8.
873 1956 904 2022 p.
924 1950 1004 2014 100;
1032 1935 1091 2015 III,
1109 1948 1136 2011 3,
1154 1950 1171 2005 5

69 2065 95 2127 Ρ.
113 2047 191 2120 1443
222 2041 258 2099 in
273 2039 344 2101 Joh.
360 2038 404 2117 ΙΙ,
428 2048 479 2103 25.
502 2036 568 2098 vol.
584 2034 643 2113 IV,
662 2038 734 2115 85),
766 2056 862 2121 quarn
877 2039 965 2098 suam
985 2036 1174 2101 sententiam

69 2142 222 2220 Origenes
238 2162 263 2201 c.
281 2140 359 2202 l'els.
376 2139 396 2200 l.
412 2140 432 2201 l.
451 2142 517 2217 jam
535 2137 764 2217 aPytlragora,
786 2135 918 2226 Platone
935 2147 968 2197 et
978 2134 1175 2222 Empedocle

69 2246 220 2330 prolatam
233 2242 295 2303 esse
309 2238 384 2301 dicit
398 2240 453 2319 (cs.
464 2237 779 2318 HuetiiOrigeniana
791 2238 813 2302 1.
825 2239 847 2302 l.
860 2260 914 2326 qu.
927 2248 956 2304 6.
971 2240 995 2322 §-
1012 2248 1041 2303 7.
1057 2260 1089 2324 Ρ.
1106 2242 1173 2323 96).
1270 2236 1274 2249 '

94 2504 99 2511 ,
147 2439 321 2524 Agendum
339 2442 404 2519 jam
426 2438 471 2500 est
500 2436 546 2502 de
574 2436 802 2522 depravata
829 2436 1005 2527 hominis
1032 2453 1176 2507 natura

69 2547 243 2634 separatim.
289 2540 415 2605 Censuit
431 2537 607 2619 Origenes,
635 2539 758 2600 animas
772 2539 929 2601 humanas
943 2542 983 2601 ob
1000 2555 1127 2626 peccata
1142 2544 1177 2607 in

69 2668 198 2732 corpora
219 2647 281 2706 esse
301 2641 455 2721 immissa3
484 2660 588 2725 neque
602 2651 710 2701 tannen
723 2638 835 2701 iccirco
852 2641 997 2719 negarit,
1024 2642 1177 2723 irnagi-

69 2770 155 2812 nem
185 2746 261 2809 Dei
288 2745 320 2805 in
351 2743 484 2804 homine
510 2746 573 2804 esse
604 2741 782 2826 expressam
808 2737 871 2819 (de
895 2741 993 2826 princ.
1014 2741 1074 2822 ΙΙΙ,
1102 2753 1131 2822 6,
1158 2752 1174 2810 1

69 2874 99 2937 p.
123 2852 210 2927 152).
265 2845 444 2908 Discrimen
466 2854 574 2904 autem
600 2844 663 2903 esse
692 2839 774 2902 dixit
798 2840 968 2904 interesse
993 2840 1034 2904 ad
1059 2844 1178 2926 imagi-

69 2972 144 3014 nem
157 2948 220 3011 uei
238 2937 327 3026 (κατ’
347 2936 475 3022 εἰκόνα)
492 2954 525 3004 et
542 2944 605 3037 esse
622 2941 662 3002 ad
676 2939 916 3002 similitudinem
936 2933 1034 3021 (καθ’
1048 2932 1179 3025 ὁμοίω.

68 3056 138 3131 σιν)
156 3071 183 3112 c.
199 3046 276 3110 Cels.
292 3046 351 3124 IV,
369 3058 419 3110 2ο.
442 3066 474 3129 p.
495 3054 554 3108 522
570 3047 613 3128 sq.
659 3039 840 3120 ”imaginis
854 3038 1039 3123 dignitatem
1055 3045 1089 3106 iu
1106 3047 1180 3133 pri-

69 3173 123 3214 ma
141 3148 323 3211 conditione
340 3147 482 3232 percepit
497 3146 612 3222 homo,
641 3138 857 3204 similitudinis
871 3143 1025 3226 perfectio
1042 3145 1076 3207 in
1098 3169 1181 3210 con-

70 3250 280 3336 summatione
300 3248 421 3308 servata
440 3249 512 3325 est„
536 3245 592 3324 (de
605 3245 703 3331 princ.
717 3241 777 3321 ΙΠ,
793 3253 822 3321 6,
840 3256 867 3308 1.
888 3265 921 3328 Ρ.
938 3247 1033 3325 152),
1061 3268 1181 3333 quam-

71 3373 167 3440 quam
186 3350 341 3412 ambobus
357 3347 422 3409 istis
438 3347 601 3408 vocabulis
618 3363 848 3428 nonnunquam
869 3346 1045 3430 promiscue
1062 3361 1179 3414 uratur.

70 3453 180 3534 imago
199 3472 276 3512 uero
297 3450 352 3509 illa
374 3448 407 3509 in
427 3448 568 3511 hominis
588 3449 710 3523 anima,
737 3464 800 3504 non
821 3465 951 3531 corpore
971 3453 1116 3536 expressa·
1135 3453 1180 3513 est

71 3559 112 3634 (c,
129 3554 209 3618 Cels.
225 3548 318 3630 VIII,
335 3559 384 3616 49.
407 3572 439 3636 Ρ.
459 3552 553 3628 778),
581 3548 701 3633 alioqui
720 3546 806 3609 enim
825 3546 914 3610 Deus
927 3570 993 3610 non
1006 3552 1084 3613 esset
1097 3551 1180 3612 sim·-

70 3660 149 3745 plex
170 3661 212 3737 (c.
233 3654 312 3719 Cels.
332 3651 391 3734 VI,
412 3662 462 3718 68.
486 3672 519 3737 Ρ.
535 3661 615 3730 680,
643 3649 732 3711 hom.
750 3644 777 3711 Ι.
796 3646 831 3709 in
851 3647 933 3713 Gen.
957 3652 1023 3713 vol.
1043 3649 1086 3732 Π,
1111 3654 1178 3734 57).

70 3813 273 3838 ιι--···
971 3805 991 3837 0

106 3913 136 3983 ¹⁹)
155 3908 287 3962 Pertinet
302 3902 460 3972 autemid,
484 3899 560 3971 quod
579 3899 615 3952 de
627 3895 847 3970 praeexistenti·
863 3897 1025 3951 enirnerunr
1041 3896 1182 3969 Origene·

143 3995 246 4062 docet,
269 3993 388 4045 minime
403 3989 440 4043 ad
452 3988 591 4040 animalia
599 4020 610 4050 ,
633 3985 668 4038 de
683 3983 786 4054 quibus
801 3984 920 4042 omuino
935 3983 1111 4053 ”requirere
1130 3984 1182 4038 sra-

69 4092 86 4107 “
142 4082 290 4154 perfidum
310 4078 439 4144 videtur,
466 4090 532 4129 oum
551 4071 625 4125 laceo
645 4087 703 4123 non
725 4069 915 4139 principalia,
940 4067 986 4121 sed
1003 4070 1181 4144 consequen.

141 4169 188 4225 tie
198 4167 294 4239 accipi
309 4166 414 4222 debere
429 4170 542 4217 emtum
558 4158 621 4229 fir„
638 4152 925 4230 (separemus.
943 4169 970 4224 p.
981 4152 1038 4225 98),
