2572 4770
125 226 197 295 lis
497 205 690 301 'cap.1V.‚
732 166 890 275 Elidem-

126 399 245 475 .1,Petr.
258 396 285 463 1.
306 420 339 485 p.
356 408 428 465 322.
451 395 520 476 E),
548 393 605 481 qui
622 413 680 480 per
701 388 910 470 evangellum
930 383 1086 451 evocavit
1106 382 1147 451 at
1164 387 1244 451 lalu-

124 510 194 564 tem
202 546 212 575 ,
233 502 272 562 lit
286 501 430 575 sanctus,
448 495 581 558 'necessa
594 496 640 557 est
652 489 877 555 obedientibus
890 489 1059 555 vocationi
1072 490 1162 551 omni
1173 511 1245 552 con-

126 601 307 663 versatione
326 610 422 685 atqua
442 595 612 684 prudentia
632 593 703 658 steri
724 595 850 657 sanctos
869 594 957 672 ejus,
984 591 1162 678 praecipua
1178 587 1245 651 dum

127 702 156 765 ia
175 700 230 785 qui
247 710 339 763 vocat
359 697 399 762 ad
414 700 494 760 haec
508 697 622 760 invitat
638 707 671 759 et
682 695 802 759 tribuat
814 694 1029 757 sanctitatem.
1075 690 1139 755 Ait
1157 690 1244 769 enirn,

128 797 292 886 quomodo
319 799 477 879 agniona
501 798 672 860 sanctitatis
692 798 779 876 sum,
815 814 875 880 per
896 791 1108 857 substantiam
1131 793 1245 856 sanctur

120 900 285 978 existent,
308 918 369 963 vos
382 897 507 963 studete
521 897 704 985 participari
718 898 883 961 sanctitate
899 887 981 984 quoa
993 893 1115 977 diligo,
1143 903 1181 955 ut
1191 892 1246 955 stit

128 1002 209 1065 ficut
224 1008 257 1061 et
270 1018 369 1079 ego„
416 998 495 1063 ”Ita
515 998 589 1078 (En.
609 999 644 1061 in
660 1011 675 1064 t
691 998 766 1062 Joh.
779 997 839 1063 ΠΙ.
862 1019 894 1084 p.
912 1007 984 1063 ³80.
1008 993 1069 1076 B.)
1084 995 1245 1057 consistent

76 1142 84 1155 κ
128 1100 163 1165 iu
181 1090 321 1176 Christo,
354 1118 437 1183 quaa
458 1099 541 1184 [qui]
561 1098 678 1178 justitia
699 1101 744 1161 eli
764 1110 797 1162 et
810 1096 1034 1176 sanctificatio,
1056 1116 1131 1158 non
1147 1092 1246 1168 claim-

130 1202 210 1287 quit.
239 1196 414 1279 Quomodo
427 1199 514 1260 euim
523 1220 538 1277 ,·
547 1198 601 1283 qui
612 1220 685 1261 cum
696 1201 812 1279 jullitia
821 1202 875 1280 eit,
889 1198 1248 1283 injustitiamagerepo-

117 1304 342 1380 ·test‚autcum
350 1298 553 1361 sanctimonia
563 1298 775 1383 pollutionem
783 1299 937 1365 habebit?
958 1295 1197 1379 Quodcumita
1205 1299 1249 1377 tit,

130 1401 238 1464 omnia
257 1399 312 1486 qui
332 1410 441 1483 peccat
459 1400 563 1462 factus
580 1410 754 1463 extraneus
767 1399 895 1481 Christi,
922 1420 990 1463 non
1006 1400 1110 1465 habet
1122 1399 1252 1485 partici-

129 1502 239 1587 pium,
264 1520 322 1561 nec
343 1500 505 1562 scientiam
520 1503 632 1581 ejuc„
670 1498 809 1571 Siurulac
826 1501 897 1587 quia
911 1499 1072 1581 religione
1084 1501 1252 1563 christiana

130 1623 208 1664 vere
228 1602 370 1663 imbutus
385 1603 447 1681 est,
475 1592 561 1689 αὐτῇ
576 1600 619 1689 τῇ
636 1595 728 1689 ῥοπῇ
739 1596 781 1664 τὰ
795 1591 975 1688 ἀκάθαρτα
987 1591 1173 1681 πνεύματα
1187 1593 1252 1665 ἀπὸ

128 1699 375 1787 corroboratio
394 1694 575 1787 ἀναχωρεῖ·
606 1698 702 1791 παρὰ
715 1702 826 1789 χρῆμα
843 1694 886 1762 τὰ
903 1698 1049 1782 nonnae
1071 1694 1253 1787 πράγματα

120 1794 277 1881 uixerat,
306 1796 421 1865 uuicti
442 1797 618 1882 σωματικὰ
634 1803 777 1866 παντοῖα
794 1793 893 1885 πάθη
906 1795 1063 1865 ἐκποδῶν
1081 1798 1252 1865 καθίστα-

118 1922 207 1966 .ιαι·
229 1897 273 1965 τὰ
287 1895 483 1983 πταίσματα
499 1894 783 1988 abundatione,
802 1894 950 1984 ὀνόματα
963 1894 1066 1987 ἡμῶν·
1078 1892 1251 1979 &vagatit-

117 2023 234 2078 -ιιτοις
261 1994 467 2090 ἐγγράφεται
489 1996 639 2084 βίβλοις·
678 1998 732 2066 aab
751 1993 892 2090 οὐράνια
920 1991 1000 2089 ἡμῖν
1026 1997 1251 2091 ἐπιτρέπεται

130 2096 264 2187 ἇγαθά
272 2104 329 2184 (da
348 2104 422 2166 trin
442 2102 486 2182 ll,
508 2111 557 2169 tl.
579 2127 610 2190 p.
627 2108 714 2185 274).
766 2104 928 2169 Nonnulla
947 2122 1041 2182 vero,
1073 2125 1164 2189 quae
1185 2117 1251 2165 ante

133 2206 295 2270 Christum
307 2216 434 2292 peccata
450 2216 555 2283 eraut,
583 2207 702 2292 quippe
716 2206 824 2291 spiritu
841 2203 953 2267 divino
966 2225 1034 2271 uun
1047 2204 1250 2283 sanctificata,
1285 2234 1286 2312 τ

31 2382 34 2386 Δ
131 2326 234 2388 nunc,
261 2308 394 2370 liberata
418 2304 526 2384 sorde,
555 2328 620 2368 non
641 2307 867 2393 amplinasunt
886 2305 949 2385 (uti
962 2302 1286 2393 intranuptiarurn

131 2409 284 2493 exemplo
304 2406 512 2469 demonstrati
531 2408 675 2493 poterit).

213 2508 794 2589 Jamsingulauonnullatangamus.
817 2522 857 2559 -'-
898 2506 1081 2572 Finisero
1058 2508 1249 2591 aDeorn

117 2606 246 2693 ,agendi
258 2608 391 2670 rationis
405 2628 423 2669 e
425 2611 450 2669 lt
468 2610 632 2687 caritas3
654 2616 759 2694 nequa
772 2630 849 2674 varo
862 2610 975 2673 caritas
989 2612 1055 2672 esse
1065 2614 1175 2697 potest
1185 2614 1248 2675 srna
1285 2605 1286 2610 ’

128 2729 170 2773 re
180 2730 271 2783 rere
280 2720 319 2770 nt
329 2708 373 2771 ia.
403 2706 452 2771 Ita
464 2708 846 2795 iusragmentoexscripto
859 2730 901 2772 ex
913 2707 983 2772 cod.
992 2710 1249 2775 venetoailin-

127 2812 260 2892 garellio
279 2807 360 2890 (vid.
370 2807 494 2872 Corum.
509 2813 549 2888 ej.
564 2808 686 2871 ‹lellid.
704 2807 1249 2894 p,xxx1x.)1‘ror.111‚rinter-

125 2924 270 2998 protatur
279 2909 476 2971 noltcrlriscc
484 2911 607 2973 verbis:
626 2903 742 2991 Φόβου
752 2933 805 2989 τις
817 2905 934 2995 κυρίου
946 2909 1248 2998 καταφρονῶνπρό

125 3008 185 3093 τὶς
195 3001 532 3096 τειειαςαίατιςτης
541 3004 604 3087 ἔξω
617 3003 876 3096 βαλλαασης“ταν
885 3003 1010 3096 φοβον,
1025 3004 1068 3075 ου
1082 3004 1247 3098 κτήσεται

124 3103 258 3194 ταύτην,
276 3103 362 3173 οὐδὲ
371 3102 551 3195 obductu]
538 3103 822 3197 *arctabamur
811 3106 1169 3198 ’παιδαγωγηθιίςτῷ
1177 3110 1248 3201 φό-

124 3208 248 3294 βῳκω)
245 3207 775 3299 riomroiaouobriyvira'oyarav,
787 3199 897 3293 urbm
879 3204 1247 3301 οιῆαγάιτηπροςάγει

123 3303 392 3394 τιικρειττονιτι
406 3302 601 3396 καιᾶγαθιῦ.
629 3311 861 3376 sentunontte
872 3315 994 3377 nonest
1005 3312 1243 3381 timorscrvilia.

123 3408 304 3474 ”Omnium
316 3412 435 3488 (Enin
451 3414 559 3479 tletrr
567 3411 610 3477 ll.
625 3435 656 3497 p.
667 3420 739 3479 sat.
754 3414 829 3493 H.),
851 3435 906 3500 qur
897 3410 1124 3475 'laudabiliter
1134 3429 1243 3497 agunt,

123 3509 611 3577 Deustimoretsuntlamanturn
623 3516 677 3578 est.
706 3513 998 3595 EtDaumtimet03
1011 3528 1243 3579 verumtamen

123 3612 186 3675 hoc
206 3612 373 3697 principali
397 3612 510 3676 ordina
528 3612 780 3678 conservandum
797 3618 852 3681 est.
901 3615 997 3680 Servi
1013 3612 1145 3682 obedite
1167 3640 1242 3681 cum

123 3711 213 3775 omni
241 3713 356 3775 timore
382 3709 521 3776 dominis
543 3716 655 3781 restria
677 3725 736 3781 etc.
792 3712 866 3782 Nori
889 3714 1070 3803 paffibilarn
1086 3716 1242 3782 timorem

122 3814 230 3875 servos
250 3814 369 3875 habere
382 3816 538 3899 praecipit
557 3812 643 3899 apud
658 3814 807 3880 dominos
826 3816 893 3896 (hic
908 3816 996 3879 enim
1009 3816 1240 3882 irrationabilis

123 3924 158 3975 et
175 3910 216 3973 od
233 3912 457 3976 irrationabilia
479 3915 665 3979 constitutus
686 3914 764 4000 est),
796 3916 851 3981 sad
870 3938 945 3981 eum
964 3917 1022 4003 qui
1043 3936 1118 3980 cum
1141 3918 1239 3985 disci-

119 4016 211 4099 plina
228 4024 261 4075 et
280 4025 364 4075 recta
376 4017 499 4078 ratione
515 4017 667 4097 contiltit,
697 4022 786 4098 cujus
804 4021 969 4107 proprium
982 4020 1030 4081 eit
1042 4020 1235 4083 reverentia.

122 4110 191 4192 Qui
217 4114 306 4175 anim
328 4127 458 4202 propter
481 4116 641 4182 Christum
659 4129 693 4182 et
712 4116 889 4183 doctrinam
909 4122 979 4199 ajua
999 4110 1113 4185 Deum
1134 4122 1232 4197 timet,
