2572 4770
127 248 204 321 tra
323 248 326 253 ·
498 237 585 332 cap.
607 236 679 308 ιν.
730 236 875 310 uruca.

127 438 167 491 ot
191 443 275 512 quae
297 421 336 486 sit
358 416 530 507 aliquando
556 418 718 504 lugubris,
752 412 928 507 aliqnando
949 413 1113 508 limphats
1136 434 1169 490 et
1194 427 1249 492 in-

127 525 242 594 sana.”
1014 540 1020 549 '

214 622 356 703 Singulis
378 622 430 686 his
451 622 608 703 gnosticae
627 629 661 682 et
679 617 865 683 christianae
883 620 1015 687 virtutis
1031 625 1133 706 signis
1147 631 1251 693 cond-

130 725 264 803 deratis,
289 722 378 784 haud
399 725 494 785 inriti
508 745 572 785 uno
586 725 657 785 loco
671 720 748 800 (Str.
764 720 841 801 vlt,
860 737 897 789 tt
911 758 955 772 —-
969 738 1018 793 ts.
1040 750 1075 813 p.
1094 741 1158 795 867
1173 733 1249 817 sqq)

129 830 346 893 celebrantem
378 821 531 911 deinceps
564 836 665 885 totam
693 825 864 905 gnosticam
894 828 1142 892 sancumoniam
1176 832 1260 897 ete-⁶·

128 940 275 994 mentem
306 922 491 1004 audiemus,
530 918 673 1010 penitius
704 946 745 986 eo
775 936 808 988 et
836 928 964 1012 plenius
992 929 1154 1016 principia
1184 938 1247 1012 ejus

129 1030 236 1095 etlrica
255 1024 510 1110 (sententiasque
531 1024 573 1087 de
596 1015 766 1112 ἀπαθείᾳ)
788 1029 954 1105 cognituri.
1005 1076 1026 1107 ,‚
1034 1029 1136 1093 Facto
1144 1033 1182 1113 ”,
1208 1037 1245 1097 ait

129 1134 171 1213 (c.
192 1141 241 1195 11.
263 1150 296 1211 p.
314 1127 408 1205 867),
437 1127 503 1204 „ab
520 1124 731 1190 admiratione
748 1142 856 1189 rerum
872 1142 1048 1192 crestamm
1062 1132 1177 1213 initio,
1199 1146 1245 1196 at-

128 1244 194 1318 que
215 1250 254 1290 eo
275 1228 343 1311 ipso
365 1238 488 1291 certum
506 1223 678 1306 indicium,
708 1226 794 1314 quod
813 1226 853 1289 ad
865 1230 1111 1316 percipiendam
1126 1235 1164 1295 srt
1176 1232 1247 1296 ido-

128 1334 211 1395 ireus
226 1326 458 1405 cognitionem,
486 1323 583 1388 domo
601 1328 709 1391 secum
729 1324 880 1408 asserens,
909 1331 946 1393 srt
963 1333 1069 1393 alacer
1085 1346 1121 1396 et
1137 1357 1246 1420 prom-

127 1441 204 1517 ptus
221 1426 344 1490 domini
361 1422 543 1508 discipulus,
564 1468 572 1488 .
597 1472 606 1491 .
654 1428 771 1493 Merito
792 1435 837 1516 (p.
855 1435 931 1509 aaa)
950 1452 1120 1517 nunquam
1134 1438 1247 1513 jucnn-

129 1528 208 1593 dum
220 1530 360 1614 praefert
377 1526 465 1603 utili,
487 1545 545 1587 nec
559 1527 667 1627 si'casu
684 1532 792 1617 aliquo
805 1530 937 1594 invadat
950 1553 1027 1596 eum
1044 1538 1248 1600 meretricio-

128 1651 193 1717 que
217 1647 308 1689 more
334 1628 419 1688 forte
445 1624 577 1690 fortuna
601 1643 753 1717 provocet
771 1633 909 1696 formosa
927 1635 1056 1699 mulier.
1083 1681 1093 1699 .
1143 1637 1181 1701 Si
1199 1640 1245 1701 vel

126 1731 259 1795 morbus
291 1726 346 1790 vel
375 1726 462 1790 casus
488 1729 604 1815 aliquis
633 1732 806 1810 gnosticum
836 1734 1002 1813 invaserit,
1038 1746 1139 1823 atque
1170 1738 1245 1803 adeo

127 1850 217 1896 mors
238 1848 320 1916 quae
332 1830 379 1890 est
391 1819 539 1892 oinnium
551 1832 692 1893 maxime
707 1834 874 1913 terribilis,
893 1848 1004 1897 manet
1016 1832 1247 1909 animo‚iater··¹

126 1934 227 2010 ritus,
254 1930 355 1991 sciens
378 1916 587 2016 quaecunque
609 1933 679 1994 sunt
699 1932 887 2010 hujusmodi
904 1937 968 1997 esse
985 1948 1122 2004 naturae
1138 1948 1245 2008 neces·
1282 1958 1284 1967 ·

126 2035 271 2113 fitatem3
304 2028 422 2093 sad-:ilc
440 2050 568 2116 quoque
592 2028 655 2094 Dei
673 2033 792 2095 virtute
814 2053 854 2095 ea
874 2029 960 2095 efflei·
973 2036 1243 2108 medicamentum

126 2135 254 2212 salutis,
282 2140 320 2192 ut
332 2150 415 2216 qnae
430 2153 489 2217 per
502 2132 701 2218 disciplinam
714 2154 770 2195 eos
786 2135 941 2227 beneficio
953 2132 1095 2202 afficiant
1110 2147 1169 2228 qui
1183 2144 1243 2208 dis·

124 2237 243 2301 ilciliue
254 2232 540 2312 transformantur,
562 2238 595 2295 et
613 2233 732 2295 a-boua
746 2252 895 2319 vere-pro
909 2235 1036 2300 meritis
1046 2238 1242 2327 dispertian-

125 2349 180 2401 tur
195 2331 409 2422 providentia.
458 2332 560 2395 Utens
574 2331 673 2412 igitur
685 2337 782 2396 rebus
795 2335 924 2414 creatis,
948 2338 1080 2422 quando
1095 2354 1129 2405 et
1142 2366 1241 2431 quan-

124 2453 197 2504 tum
220 2436 304 2498 dicet
324 2433 477 2511 verbum,
506 2434 604 2517 eique
623 2435 678 2518 qui
695 2434 814 2505 creavit
827 2455 925 2515 agens
937 2438 1075 2521 gratias,
1098 2446 1176 2510 usus
1188 2468 1241 2509 ea-

124 2560 198 2606 rum
223 2538 260 2598 fit
282 2532 445 2594 dominus.
502 2532 676 2618 Nunquam
704 2547 851 2621 acceptae
876 2538 921 2599 en
943 2554 1080 2605 mernor
1097 2545 1241 2629 injuriae,-
1277 2586 1284 2607 ,

123 2635 248 2707 nemini
268 2635 308 2696 fit
326 2632 487 2710 insenius,
515 2633 640 2694 etiamst
657 2630 696 2695 sit
715 2632 792 2697 odio
815 2634 929 2716 diguus
949 2632 1085 2726 propter
1102 2666 1146 2710 ea
1164 2668 1239 2737 qnae

121 2734 217 2820 sacit3
245 2734 322 2797 colit
341 2733 429 2794 enirn
449 2741 642 2811 creatorem,
671 2730 776 2815 diligit
787 2749 895 2799 autem
908 2741 996 2801 vitae
1009 2746 1154 2828 socium,
1176 2750 1238 2830 ejus
1280 2812 1284 2823 ,

120 2832 1238 2936 misertusetproeooranspropterejueignorantiam.‹incorpusquo-

121 2962 186 3028 que
198 2943 290 3002 snum
299 2954 358 3020 per
371 2934 607 2995 consensionem
617 2934 768 3012 allicitur,
782 2938 833 3001 cui
847 2940 1106 3025 quidemnatura
1116 2953 1246 3035 patibili·
1282 2996 1284 3007 .

120 3039 332 3117 estulligatus.
362 3033 436 3097 Non
445 3044 552 3097 tamen
561 3035 711 3120 primario
720 3050 921 3103 moveturex
931 3030 1176 3129 perturbatione
1186 3042 1243 3131 (ori.

118 3132 348 3225 πρωτοπαθεῖ
360 3129 445 3197 κατὰ
458 3129 497 3199 τὰ
512 3127 654 3217 πάθος)
703 3136 743 3201 ln
760 3141 987 3207 involuntariis
1005 3138 1091 3211 cert'e
1107 3153 1235 3231 cafilrus,

119 3264 140 3306 a
157 3239 320 3303 doloribus
338 3238 371 3299 se
390 3234 553 3301 deducens
572 3232 614 3298 ad
629 3257 668 3299 ea
684 3258 765 3325 quaa
783 3244 856 3305 sunt
876 3243 973 3331 ipsius
995 3252 1145 3336 propria,
1174 3274 1235 3317 non
1281 3240 1284 3287 ³

118 3343 287 3408 abducitur
300 3341 339 3401 ab
351 3336 392 3400 iis
400 3358 481 3423 quae
489 3339 560 3399 sunt
571 3340 611 3401 ab
619 3337 686 3424 ipso
697 3340 823 3423 aliena;
844 3343 898 3406 sed
907 3346 1059 3411 iissolnm
1068 3350 1194 3417 ceditet
1204 3356 1234 3416 se

116 3440 338 3510 accommodat
350 3441 511 3524 quaesunt
523 3437 583 3523 ipfi
596 3440 781 3519 necessaria,
804 3438 971 3531 quousque
978 3448 1094 3512 illaesa
1108 3456 1234 3517 censam

115 3543 340 3611 raturanima.
376 3538 550 3603 Nonanim
564 3529 1233 3641 existimationasolumaetexternaspecie

113 3646 264 3712 ,uqacssa
277 3639 401 3717 fidelis,
428 3637 484 3701 sed
497 3636 677 3719 cognitione
693 3652 727 3703 et
738 3643 895 3727 veritate,
920 3648 983 3713 lror
994 3645 1043 3712 es't
1054 3651 1153 3717 firmo
1170 3658 1235 3719 sta-
1282 3640 1284 3647 ¹

113 3744 237 3830 bilique
245 3746 328 3804 sacto
340 3742 527 3804 etsermone
541 3737 670 3805 efficaci.
685 3741 771 3830 ·Non
784 3748 886 3811 solum
895 3767 970 3831 ergo
985 3748 1099 3815 laudat
1112 3758 1234 3821 bonnet

112 3844 264 3920 honesta,
278 3839 332 3921 sed
344 3843 518 3928 ipseetiam
533 3838 696 3905 contendit
704 3838 888 3929 (βιάζεται)
896 3852 960 3912 asle
967 3852 1073 3917 bonus
1085 3866 1120 3919 et
1126 3858 1235 3923 hone·
1277 3834 1284 3859 ⁶

113 3949 196 4020 stas,
211 3945 325 4003 abono
337 3952 370 4004 et
382 3940 470 4004 fideli
485 3940 687 4006 servosactns
696 3964 755 4029 per
766 3948 932 4012 caritatem
945 3952 1086 4035 amicus,
1101 3974 1233 4049 propter

41 4080 44 4089 ,
110 4045 347 4133 perfectionem
367 4040 496 4106 habitus
522 4046 568 4130 (p.
591 4046 686 4124 869),
721 4066 820 4131 quam
844 4064 888 4113 ex
905 4050 1178 4145 aera-disciplina
1199 4070 1284 4183 st·

13 4152 18 4209 “.
110 4147 215 4215 multa
229 4142 458 4207 exercitatione
470 4164 550 4237 pure
565 4146 727 4234 acquisivit
746 4194 755 4214 .
778 4193 788 4213 .
837 4147 906 4216 Hac
916 4151 1043 4219 ratione
1056 4157 1184 4227 labores
1196 4174 1230 4229 et
