2572 4770
93 292 110 383 ἶ.
201 324 373 418 Origenes
397 327 541 422 (Auges.
559 339 593 396 et
607 314 835 413 strennuos,
859 325 1065 421 Anthrop.)·
1095 288 1104 305 ·
1134 278 1208 405 ets
1273 400 1276 410 .

98 505 164 598 est,
198 526 330 593 corpora
351 528 416 570 non
435 507 652 596 principaliter
674 511 852 589 subsistere,
889 509 944 573 sed
965 532 1023 598 per
1040 508 1208 574 intervalla

99 618 132 668 et
152 608 194 668 ob
216 608 320 670 varias
340 621 447 691 motus
466 610 704 674 rationabilium
722 623 937 674 creaturarum
959 633 1042 674 nunc
1058 610 1143 688 fieri,
1171 621 1209 674 ut

99 706 155 792 qui
174 707 225 771 bis
246 707 390 790 indigent
404 688 595 792 vestientur}
624 722 655 772 et
674 714 798 798 rursum
818 734 891 774 curu
910 712 964 776 illa
979 708 1208 796 depravatione

97 807 245 897 lapsuum
265 811 296 871 se
318 808 511 893 admeliora
535 813 744 892 correxerint,
779 810 905 875 dissolvi
928 813 962 874 in
986 812 1139 888 nibilum,
1173 819 1208 872 et

96 909 158 971 hac
184 908 308 994 semper
334 911 522 975 successione
550 912 704 1004 variari„
762 910 909 997 Corporis
936 909 1068 998 quidem
1092 921 1207 972 natura

97 1031 166 1071 non
192 1010 238 1071 est
262 1011 388 1095 impura
416 1016 457 1092 (c.
479 1012 562 1078 Cels
577 1011 638 1092 ΙΙΙ,
658 1019 709 1078 42.
737 1013 801 1075 rol.
824 1006 858 1092 1;‘
874 1015 968 1092 474),
1003 1023 1144 1074 attamen
1170 1008 1207 1072 id

80 1109 201 1195 ‘ipsum
224 1111 269 1172 est
296 1124 427 1198 propter
447 1113 636 1201 cupiditates
660 1115 717 1199 ipsi
741 1114 955 1178 inhabitantes
974 1110 1064 1174 sedes
1084 1109 1207 1198 peccati

94 1211 147 1289 (in
161 1206 255 1275 Rom.
271 1207 312 1274 L.
326 1213 387 1294 VI,
406 1226 432 1279 1.
455 1216 517 1279 vol.
530 1214 589 1297 IV,
614 1218 709 1293 569),
737 1224 832 1300 atque
850 1213 1114 1293 instrumentum,
1141 1233 1206 1297 quo

94 1311 353 1374 contaminantur
376 1314 502 1379 animae
523 1319 625 1397 (hom.
638 1313 731 1394 VIII,
754 1306 1033 1394 suboctavos.
1053 1312 1096 1394 II,
1115 1318 1205 1393 230).
1266 1314 1279 1357 '³

93 1408 144 1476 cf.
160 1408 310 1491 Origeuis
322 1412 478 1479 Etbicam.

180 1511 236 1574 Ad
266 1514 439 1578 animam
471 1517 648 1578 humanam
679 1516 787 1594 (sensu
818 1515 943 1597 latiori>
965 1515 1006 1597 ⁴⁵)
1038 1515 1207 1603 separatim

91 1614 197 1676 multa
213 1635 338 1706 quoque
354 1637 466 1679 eorum
477 1617 655 1701 pertinent,
677 1638 758 1704 quae
774 1620 885 1704 supra,
911 1618 968 1681 ubi
985 1617 1025 1679 de
1044 1617 1207 1687 creatione

92 1725 201 1778 actum
218 1716 278 1793 est,
305 1718 481 1795 generatim
504 1715 683 1781 donatoris
702 1717 941 1780 rationabilibus
958 1719 1099 1804 expofita
1121 1719 1204 1779 lunt.

91 1814 313 1896 Adjungimus
334 1828 496 1901 praeterea
522 1818 617 1880 haec:
655 1818 817 1904 ’'Sernper
838 1817 969 1904 quidem
995 1822 1087 1880 usum
1106 1821 1206 1881 babet

92 1915 202 1978 anima
216 1915 366 1977 materiae
382 1917 568 2002 corporalis,
589 1918 624 1979 iu
638 1919 780 2004 qualibet
795 1918 946 2002 qualitate
960 1918 1096 2002 positae,
1119 1939 1204 1980 nuuc

91 2013 226 2103 quidem
249 2016 382 2094 carnali,
418 2014 620 2103 postmodum
644 2039 722 2081 vero
741 2019 894 2080 subtiliori
917 2029 950 2080 et
972 2019 1094 2104 puriori
1120 2036 1204 2102 quae

90 2116 242 2206 spiritalis
266 2116 408 2196 dicitur„
436 2116 492 2197 (de
517 2120 617 2204 princ.
638 2118 681 2206 Π,
703 2129 733 2198 3,
752 2133 782 2186 2.
802 2142 834 2206 p.
853 2122 926 2199 8³0);
956 2117 1010 2181 led
1030 2117 1204 2204 quaeritur,

91 2208 141 2283 en
167 2217 350 2305 ipseper
374 2220 412 2281 se
436 2219 489 2281 sit
516 2239 720 2305 corporea.
779 2217 836 2285 Ad
862 2221 945 2281 hanc
969 2219 1203 2305 quaestionem:

90 2311 257 2394 Εῖόόοες,
299 2315 468 2402 respondet
493 2322 598 2384 noster
628 2345 654 2386 c.
681 2320 760 2386 Cels.
784 2319 861 2399 VII,
893 2330 942 2388 32.
973 2343 1005 2407 p.
1030 2329 1107 2392 716,
1148 2306 1205 2380 ὅτι

87 2411 175 2506 ἡτῇ
199 2411 318 2503 ἑαυτῆς
340 2410 442 2502 φύσει
459 2409 637 2500 ἀσώματος
657 2423 713 2486 καὶ
734 2412 879 2508 ἀόρατος
901 2407 1051 2506 ψυχῆόῑ
1072 2440 1123 2505 qu.
1143 2416 1201 2500 tq,

89 2521 131 2587 et*
143 2521 271 2584 exhort.
295 2517 346 2596 ad,
358 2532 449 2583 mart.
470 2543 497 2583 c.
518 2529 569 2588 47.
591 2523 655 2588 rol.
678 2523 704 2598 I,
728 2534 808 2590 806:
846 2521 1019 2602 „Animae
1039 2515 1204 2582 rationalis

89 2608 262 2688 substantia
282 2619 421 2703 aliquam
441 2621 539 2684 habet
559 2646 632 2687 cum
655 2622 726 2689 Deo
745 2623 984 2704 cognationem
1019 2614 1120 2706 νοερὰ
1138 2613 1203 2702 γὰρ

89 2714 234 2808 ἑκάτερα
251 2719 308 2783 καὶ
323 2710 466 2804 ἀόρατα·
495 2721 553 2793 καὶ
571 2715 615 2799 ὡς
628 2712 646 2787 ὁ
660 2718 848 2810 ἐπικρατῶν
861 2713 1077 2786 ἀποδείκνυσι
1091 2711 1201 2799 λόγος,

88 2814 298 2906 ἂσώματο”,
326 2834 358 2883 et
378 2820 417 2884 de
437 2823 536 2908 princ.
549 2822 576 2903 Ι,
600 2837 627 2904 1,
645 2837 673 2890 7.
693 2846 727 2910 p.
746 2837 802 2891 52:
832 2823 971 2908 ”Siqui
988 2833 1097 2882 autem
1118 2819 1202 2894 suut,

88 2927 147 3014 qui
163 2936 305 2987 mentem
318 2923 417 3007 ipsam
436 2925 641 3010 animamque
657 2946 770 3009 corpus
784 2925 847 2987 esse
864 2923 1072 2998 arbitrentur,
1099 2917 1202 2980 velim

87 3026 173 3093 mibi
192 3020 436 3109 responderent,
470 3023 640 3113 quomodo·
651 3035 811 3087 tantarum
830 3045 955 3103 rerum,
981 3034 1055 3084 'tam
1078 3018 1204 3082 diffici-
1273 3064 1280 3077 ,

86 3129 172 3193 lium
185 3138 315 3211 tamque
328 3125 494 3197 subtilium
511 3126 649 3189 rationes
666 3125 912 3211 assertionesque
926 3124 1066 3210 recipiat,
1108 3118 1204 3186 Unde

87 3231 122 3295 ei
139 3231 243 3292 virtus
262 3228 436 3291 memoriae
446 3226 469 3311 Ρ,
493 3226 536 3291 Et
553 3225 639 3289 unde
660 3226 692 3289 ei
711 3247 819 3289 rerum
832 3225 1038 3290 invisibilium
1054 3235 1204 3288 contem-

89 3370 293 3397 β·-

128 3463 159 3535 *)
187 3460 354 3514 Animam
373 3460 544 3515 animalium
563 3458 801 3530 (bestiarum)
820 3459 987 3529 sanguinem
1004 3457 1060 3510 elle
1081 3455 1203 3509 demon·

160 3547 232 3600 siret
247 3548 341 3598 noster
359 3565 375 3599 e
391 3548 484 3600 Lavit.
500 3548 591 3612 XVII,
607 3546 641 3600 14
662 3546 697 3599 de
717 3546 812 3616 princ.
827 3547 866 3613 11,
881 3546 909 3612 8,
927 3547 953 3598 l.
971 3562 999 3614 p.
1014 3544 1063 3610 94,
1088 3549 1118 3594 et
1131 3554 1203 3609 per·

160 3634 220 3706 git:
255 3637 348 3702 „Jnm
369 3648 436 3686 vero
460 3633 482 3685 fi
507 3633 573 3703 quir
597 3633 746 3704 requirat,
781 3631 927 3703 quomodo
954 3632 1084 3684 animum
1105 3622 1202 3678 omnis

161 3721 258 3776 carnis
273 3721 443 3789 sanguinem
458 3720 520 3786 ejus
537 3719 595 3772 else
614 3719 704 3787 dixit,
730 3719 766 3772 de
782 3719 900 3788 apibus,
918 3719 1028 3786 vespis,
1054 3722 1083 3767 et
1096 3712 1202 3765 sormi·

123 3876 132 3883 -
162 3811 221 3874 eis,
241 3817 272 3862 et
286 3808 321 3860 de
334 3807 396 3874 bie,
415 3824 491 3878 quae
504 3808 535 3860 iu
551 3809 633 3878 equis
648 3810 730 3875 sunt,
750 3807 850 3878 ostreis
865 3816 896 3859 et
908 3805 1050 3869 cochleis,
1068 3813 1098 3854 et
1112 3816 1204 3870 quae·

117 3884 124 3893 ’
163 3894 354 3962 conquerunt
367 3892 426 3943 elia
439 3908 513 3965 quae
527 3902 631 3944 errent
644 3891 798 3961 sunguine,
815 3900 846 3943 et
858 3893 916 3944 else
931 3886 1092 3942 animantia
1104 3883 1202 3938 mani·

160 3979 307 4034 falsissime
325 3979 567 4031 demonstrantur:
584 3977 816 4048 respondendum
829 3979 886 4044 est,
905 3974 1044 4046 qnotriam
1056 3970 1088 4023 in
1101 3970 1201 4037 hujus·

162 4065 279 4120 cenrodi
297 4066 492 4117 animantibus
511 4067 645 4136 quentin
661 4067 764 4119 ceteris
777 4067 835 4119 vim
848 4065 936 4118 babet
951 4061 1034 4116 rubri
1051 4060 1201 4131 sanguinis

162 4152 263 4220 rigor,
285 4147 361 4201 lranc
374 4149 431 4200 vim
445 4149 557 4205 obtinet
569 4150 601 4205 iu
612 4149 670 4207 ittir
682 4150 787 4206 humor
800 4149 852 4206 ilts
865 4148 916 4221 qui
928 4148 1001 4203 inest
1013 4147 1041 4200 in
1055 4148 1111 4217 eis,
1127 4144 1199 4204 lieet

162 4236 286 4293 uuum
297 4233 334 4290 lit
349 4235 494 4307 soleria„
950 4237 956 4247 ’
