2572 4770
119 301 169 374 62
343 338 348 347 ·
406 279 516 390 ’Όαμ
542 295 594 364 Π.
639 292 928 379 Ηινιηινιιιιίῖοσ.
1017 310 1020 315 ·
1093 312 1097 319 ·

120 471 238 553 καίονς
248 475 306 541 καὶ
321 471 512 566 δναρίτονς·
534 472 844 543 κατακαλυπτέσθω
857 464 932 553 οὖν,
954 469 1066 566 ίναμη
1080 462 1132 556 είς
1143 478 1239 566 πορὲ

116 572 212 646 κείαν
225 569 347 654 αὐτοὺς
361 571 581 665 σκανδαλίσῃ·
609 570 643 641 σί
657 576 721 666 γὰρ
736 566 839 655 linai
850 576 908 644 καί
921 573 956 643 ἐν
968 571 1124 666 οδρανοῖς
1135 566 1239 664 άγγι-

94 734 97 739 ,
116 675 177 744 λοι
188 678 245 743 καὶ
256 674 585 762 κατακεκαλυμμένην
595 673 696 764 αίπην
708 674 901 760 βλέπουσιν.
926 677 1056 742 Arvero
1067 678 1238 744 Clemente

119 778 228 862 judice
244 792 328 843 tota
349 781 546 866 scriptura
562 780 686 859 sacra,
704 803 784 843 non
800 793 954 844 tantum
967 781 1146 860 Veteris,
1169 775 1239 843 sod

121 882 244 945 eliam
265 882 369 946 Novi
389 881 490 944 Test.
512 880 634 942 habet
653 882 807 942 sensum
829 878 1101 960 allegoricum.
1143 881 1238 944 Hane

120 983 226 1048 thesin
237 983 349 1069 probat
357 978 628 1046 ClemeneStrom.
636 980 679 1057 V,
693 987 721 1044 4.
735 1003 766 1065 ην
780 991 840 1046 659
854 979 1002 1044 ePsalmo
1015 979 1237 1056 Lxxv111‚2

121 1082 176 1152 hia
193 1083 316 1145 verbis:
343 1068 497 1164 άνιικρυς
513 1070 592 1161 γοῦν
609 1079 689 1164 περὶ
706 1071 819 1164 πάσης
835 1079 968 1164 γραφῆς
980 1080 1039 1164 τῆς
1051 1073 1134 1144 καθ’
1148 1073 1239 1169 ἡμᾶς

121 1177 160 1250 δν
176 1183 248 1257 τοῖς
264 1179 415 1265 ψαλμοῖς
432 1179 619 1265 γέγραπται
638 1169 682 1253 ὡς
700 1175 734 1243 ἐν
751 1177 931 1266 παραβολῇ
952 1173 1144 1266 εἰρημένης·
1179 1216 1249 1247 ..-.·

122 1274 247 1359 άνοίξω
271 1275 307 1344 ἐν
330 1276 541 1364 παραβολαῖς
562 1273 602 1341 τὸ
627 1271 735 1358 στόμα
752 1300 818 1360 μου
824 1324 834 1355 ,
868 1273 1061 1362 φθέγξομαι
1078 1273 1237 1367 προβλη-

55 1420 61 1439 .
109 1400 216 1464 ’ματα
233 1369 296 1442 ἄπ’
315 1373 432 1467 ἀρχῆς,
461 1393 493 1443 et
511 1401 552 1441 ex
573 1377 675 1444 λῦοι.
688 1378 731 1456 11,
751 1382 841 1464 δίης
877 1372 1002 1464 σοφίαν
1019 1376 1185 1462 λαλοῦμεν
1202 1376 1238 1445 ἐν

123 1477 199 1557 τοῖς
221 1474 364 1557 τελείοις
390 1527 423 1544 ..
451 1475 487 1544 ἐν
509 1475 681 1565 μυστηρίῳ
704 1476 763 1566 την
786 1472 1079 1566 ἀποκεκρυμμένην
1100 1503 1131 1545 κ.
1153 1501 1184 1544 τ.
1204 1479 1236 1546 λ.

123 1582 198 1650 Huc
216 1584 312 1647 lraliit
329 1581 427 1645 eliam
447 1578 577 1660 (Strom.
591 1579 650 1659 VI,
670 1592 717 1656 15,
733 1585 807 1657 802)
825 1579 938 1643 lllaah.
958 1580 1002 1658 X,
1017 1593 1074 1646 27:
1108 1577 1239 1663 „Quod

124 1682 236 1749 audite
248 1684 281 1745 in
296 1682 451 1760 aurem‚’'
469 1675 757 1765 ἕπικεκρυμμένιος
764 1671 939 1766 δηλονότι,
967 1678 1117 1744 Clemens
1135 1678 1238 1761 addit,

96 1784 99 1791 '
126 1777 431 1868 ααίένμυστηρίηι,
459 1778 519 1859 „id
537 1782 630 1866 saper
650 1779 761 1845 domos
779 1778 1001 1868 praedicate,”
1018 1774 1239 1868 μεγαλοφρό-

126 1903 194 1958 νως
210 1902 247 1946 τι
265 1874 492 1962 ἐκδεξάμενοι,
520 1877 577 1942 καί
593 1873 776 1966 ὑφηγόρως
793 1871 1050 1965 παραδιδόντες,
1078 1879 1135 1945 καί
1152 1873 1238 1945 κατά

72 1994 94 2037 2
125 1976 187 2047 τὸν
197 1980 257 2068 τῆς
269 1976 433 2066 ἀληθείας
445 1973 565 2044 κανόνα
578 1978 820 2066 διασαφοῦντες
831 1976 891 2054 τάς
905 1974 1046 2066 γραφάς.
1096 1982 1238 2070 „Neque

125 2084 218 2146 enim
233 2070 444 2169 prophetia,”
475 2082 594 2167 pergit,
627 2102 759 2167 „neque
782 2082 848 2167 ipse
873 2084 1011 2144 servator
1028 2081 1108 2146 adeo
1128 2097 1239 2171 aperto

128 2186 302 2271 eloquatus
321 2186 365 2247 ell
384 2183 492 2246 divina
510 2182 657 2262 mysteria
675 2183 711 2260 (l.
726 2183 746 2242 l.
760 2203 790 2266 p.
807 2184 898 2259 808),
931 2194 967 2245 ut
989 2201 1026 2244 ea
1050 2185 1144 2247 facile
1168 2184 1260 2272 capi-

128 2285 255 2371 possent
271 2302 290 2343 a
307 2285 517 2367 quibuslibet,
545 2279 597 2344 sed
616 2279 757 2342 disseruit
774 2283 807 2342 in
825 2284 991 2367 parabolis.
1039 2281 1090 2347 De
1105 2283 1238 2349 domino

127 2380 262 2469 quidem
280 2393 363 2444 certe
383 2382 491 2444 dicunt
509 2381 657 2466 aposloli,
685 2378 770 2466 quod
789 2382 898 2458 (Marc.
912 2382 970 2462 IV,
989 2389 1042 2461 sl)
1061 2387 1169 2449 omnia
1183 2389 1239 2450 lo-

103 2491 113 2499 '
128 2493 249 2570 quotus
262 2483 307 2542 est
318 2482 352 2542 in
364 2482 531 2568 parabolis.
546 2528 553 2544 .
580 2479 615 2543 si
627 2495 735 2544 autem
748 2482 853 2545 omnia
866 2505 923 2568 per
934 2484 1036 2570 ipsum
1047 2484 1241 2568 (Christum)

127 2582 215 2647 iacta
228 2581 314 2659 sont,
343 2594 376 2644 et
396 2583 461 2644 fine
479 2580 546 2666 ipso
564 2581 685 2644 facium
702 2586 746 2645 est
760 2584 838 2646 nihil
851 2585 938 2664 (Joh.
952 2584 977 2665 Ι,
992 2590 1043 2667 3);
1064 2609 1141 2669 ergo
1157 2613 1241 2677 pro-

55 2729 58 2736 .
127 2683 240 2773 phetia
258 2703 385 2767 quoque
405 2693 438 2744 et
455 2682 508 2744 lex
525 2701 583 2766 per
599 2685 702 2769 ipsum
714 2686 816 2747 sacrae
828 2699 859 2747 et
871 2706 928 2772 per
939 2688 1040 2773 ipsum
1053 2687 1156 2754 diotae
1167 2695 1242 2759 sunt

129 2774 171 2849 δν
185 2780 412 2867 παραβολαῖς,
431 2781 607 2861 allegorice.
617 2785 635 2817 ’¹
683 2784 746 2864 (Ita
757 2784 818 2850 Str.
832 2785 858 2866 I,
871 2801 922 2868 28,
937 2797 996 2857 426
1016 2790 1104 2870 leges
1116 2791 1242 2856 Mosai-

131 2902 185 2947 ααα
196 2883 321 2944 sensum
332 2884 449 2946 habere
461 2883 611 2963 fignificat
623 2896 655 2946 et
667 2887 844 2949 naturalem
856 2901 888 2951 et
900 2892 1114 2972 allegoricum,
1129 2895 1241 2960 huno-

130 3003 196 3072 que
214 2984 420 3068 posteriorem
438 2983 514 3046 dicit
533 2986 596 3046 esse
612 2986 667 3046 vel
683 2987 848 3066 mysticum
860 2991 914 3051 vel
925 2995 1078 3056 moralem
1090 2996 1145 3058 vel
1157 3018 1244 3083 pro-

130 3084 321 3171 pheticum.)
363 3083 414 3146 De
428 3085 521 3148 Novo
534 3083 616 3148 Tell.
630 3088 797 3170 separalim
808 3091 886 3152 haec
899 3090 1048 3158 Clemens
1065 3093 1143 3159 dicit
1154 3097 1242 3178 Quin

131 3182 198 3247 div.
212 3184 351 3245 salvetur
368 3194 393 3249 r.
410 3194 439 3248 5.
467 3205 498 3270 p.
515 3195 593 3249 938:
624 3186 688 3250 Δεῖ
710 3185 881 3272 (isocratis
899 3183 1045 3270 εἰδότας,
1079 3188 1242 3273 ‹ig-oridia

130 3274 355 3368 ἃνδρωπίνιυς
374 3272 392 3348 ὃ
411 3280 543 3368 σωτῆρι
568 3276 653 3350 ἀλλὰ
671 3279 780 3350 πάντα
797 3286 880 3375 θείη
898 3289 1003 3380 σοφίᾳ
1022 3292 1079 3358 καί
1093 3299 1244 3388 μυστικῆ

130 3376 288 3449 διδάσκει
304 3385 375 3459 τοῖς
393 3375 514 3448 ἑαυτοῦ
520 3429 530 3461 ,
561 3385 608 3470 μὴ
626 3382 790 3471 σαρκίναις
808 3383 997 3474 ἀκροᾶσθαι
1014 3393 1080 3458 τῶν
1095 3365 1241 3482 λογσμά-

129 3501 213 3557 κον,
235 3473 322 3549 ἀλλὰ
334 3478 437 3549 tor-iv
448 3479 562 3561 αὐτοῖς
579 3481 800 3574 κεκρυμμένον
815 3490 892 3554 νοῦν
901 3488 985 3571 μετὰ
996 3490 1057 3577 τῆς
1067 3485 1164 3577 άξίας
1178 3497 1241 3587 ζη-

130 3574 261 3668 τήσεως
292 3579 426 3670 ε’ρευνᾷν
459 3584 515 3650 καί
547 3580 812 3665 καταμανθάνειν
932 3583 993 3653 οὐκ
1025 3589 1244 3679 ἐπιπολαίως

129 3684 178 3770 (p.
193 3690 270 3762 989)
291 3679 449 3762 δέχεσθαι
465 3686 537 3760 ταῖς
555 3675 672 3760 άκοαῖς
688 3687 866 3774 προςῆκεν,
894 3680 978 3754 άλλοί
990 3691 1240 3776 καθιένταςτδν

128 3783 209 3849 νοῦν
232 3777 289 3850 ἐπ’
315 3775 392 3848 uoce
418 3777 458 3846 τδ
481 3782 613 3865 πνεῦμα
635 3784 696 3851 τοῦ
719 3787 870 3875 σωτῆρος
892 3791 950 3854 καὶ
970 3785 1011 3857 τὸ
1028 3792 1088 3879 τῆς
1108 3792 1239 3887 γνώμης

128 3872 332 3972 ὄπάδρητον.

138 4022 143 4041 .
214 3985 358 4048 Plures
397 3986 444 4046 ob
479 3984 841 4074 causaa'scriptura
873 3992 979 4055 sacra
1011 4000 1170 4066 occulto
1199 4010 1238 4063 et

129 4101 276 4148 arcano
302 4082 462 4148 dicendi
491 4085 841 4166 genera'utitur....,
864 4092 940 4159 Vid.
961 4096 1079 4162 strom.
1099 4099 1163 4179 vl,
1184 4111 1236 4180 16,

133 4193 194 4252 σοι
206 4186 268 4298 [οἷς
294 4178 365 4269 Arri
378 4179 509 4264 πολλάς
526 4180 637 4262 αἰτίας
654 4179 917 4276 ἐπικρύπτουσαι
931 4189 989 4277 τίν
1009 4196 1088 4265 νοεῖν
1104 4190 1237 4287 αίγρα-ι,
