2572 4770
35 39 67 223 t·

416 109 584 199 Origenes
610 39 850 201 dTbeosogIttl·
1125 114 1198 181 207

96 250 385 377 titpersuasionem‚
394 324 439 337 -
451 216 537 375 quad
545 285 676 375 quidem
687 291 753 368 jam
766 291 873 377 perse,
887 256 1010 351 ratione
1021 288 1202 353 nonbabita

94 389 245 475 temporie
258 379 435 473 scriptionis
446 388 600 451 librorum
615 409 639 450 c.
649 387 729 452 Cels.
745 401 779 450 et
793 386 835 452 de
850 400 940 466 orat,
954 390 1080 453 facilius
1091 393 1202 475 puste-

94 493 154 553 rior
168 490 339 571 cogitatur,
355 489 473 576 quippe
486 487 673 567 modestior,
688 525 732 540 -
743 490 824 552 Itane
837 490 935 570 (libro
949 488 991 553 de
1003 512 1048 554 or.
1064 502 1202 553 conten-

92 592 171 669 tam)
183 591 286 675 ipsum
296 589 416 651 servisse.
444 588 594 652 Jamrero
602 590 685 653 liber
697 589 738 654 de
749 590 1010 653 orationerevem
1018 601 1093 652 ante
1102 590 1202 651 libror

91 691 204 755 acels.
213 690 362 752 conscribi
374 690 495 775 potuit3
518 691 707 754 boaenimst
723 701 908 771 argumente
919 702 1050 753 externa
1059 686 1201 775 produnt

90 790 290 877 scriptoeesse
303 790 425 853 circiter
440 811 468 852 a.
477 789 669 855 ccxbvtt.
683 792 888 870 (Eusebltist.
902 790 1044 864 ecetvt,
1059 795 1131 870 86),
1144 790 1202 853 itte

89 902 199 955 contm
211 893 280 976 post
292 911 321 955 a.
335 888 535 955 ccxxxlt.
549 894 662 978 quovis
675 913 760 955 anno
772 891 860 955 scribi
873 892 978 978 potuit
991 890 1071 971 (rid.
1084 891 1201 955 Prole·

86 1012 175 1073 gom.
189 988 293 1055 Ruaei
314 977 379 1056 vol.
395 990 421 1056 I.
440 1006 471 1077 p.
489 1005 557 1058 196.
580 1015 611 1056 n.
630 995 681 1073 3),
708 992 853 1079 nihilque
870 991 967 1072 igitur
980 1014 1039 1057 noe
1053 990 1201 1079 impedit,

86 1092 262 1180 quominus
275 1092 518 1180 repugnantiam
530 1093 619 1156 islam
631 1093 814 1155 illustratori
829 1091 871 1155 de
882 1104 960 1157 urat.
972 1094 1089 1157 librum
1102 1094 1201 1181 priua,

86 1214 187 1280 quam
201 1215 282 1280 opus
295 1216 322 1257 c.
336 1192 433 1273 Cels,
448 1193 596 1277 scriptum
608 1195 671 1257 esse
684 1214 865 1279 ponamus..
881 1192 980 1273 Cujus
992 1196 1113 1258 nostrae
1126 1195 1204 1257 sen-

86 1296 210 1359 tentiae
220 1292 411 1380 praesidium
420 1292 595 1371 accediteo‚
610 1294 697 1381 quod
707 1279 796 1358 sacua
808 1294 864 1357 itte
874 1296 947 1359 libri
960 1294 1001 1357 de
1014 1306 1103 1374 urat,
1117 1295 1141 1356 si
1154 1293 1203 1355 ti-

88 1397 156 1459 bria
167 1417 194 1457 c.
205 1394 295 1474 Cels„
307 1397 404 1456 etiam
415 1396 557 1459 homiliis
566 1394 713 1476 Origenb
723 1408 879 1481 repugnat
890 1400 942 1475 (ut
953 1396 1056 1459 batim
1071 1394 1209 1459 videbi-³

87 1500 189 1575 mus).
219 1495 381 1557 Homiliae
399 1506 507 1558 autem
518 1496 708 1583 conscriptae
722 1499 796 1560 suut
811 1496 926 1559 eodem
942 1499 1013 1561 sere
1027 1518 1123 1575 anno,
1136 1514 1200 1583 quo

88 1598 165 1661 libri
180 1616 206 1661 c.
220 1595 319 1675 Cels,
341 1606 374 1658 et
388 1586 592 1683 sequentibus
606 1596 735 1675 (Euseb.
750 1597 783 1661 It.
801 1618 829 1659 e.
843 1596 902 1674 VI,
922 1601 988 1677 56).
1032 1597 1143 1684 Itaque
1155 1594 1202 1658 li-

88 1701 150 1763 ber
161 1694 203 1760 de
218 1706 315 1779 orat,
329 1696 354 1757 si
367 1696 456 1759 libris
472 1718 497 1759 c.
512 1696 591 1762 Cels.
605 1710 779 1784 repugnat,
795 1710 870 1761 ante
883 1699 943 1761 boa
958 1699 1056 1760 libros
1072 1698 1203 1782 scriptur

89 1801 148 1863 est.
162 1831 206 1846 -
226 1788 391 1860 Sententia
404 1796 502 1877 igitur
516 1797 671 1862 librorum
688 1821 715 1862 c.
725 1798 805 1863 Cels.
817 1794 858 1861 de
871 1794 1055 1860 adoratione
1068 1797 1205 1858 siliinon

87 1901 139 1964 est
155 1899 352 1961 labefactata.
401 1894 496 1976 Quae
518 1897 616 1961 etiam
635 1899 841 1961 confirmatur
862 1898 933 1961 aliia
945 1895 1096 1977 Origenia
1113 1896 1202 1959 locis.

88 1999 132 2067 In
151 1993 433 2076 anatliema
453 1998 489 2060 in
508 1997 613 2063 Exod.
633 1996 757 2079 vobII,
774 2010 833 2067 176
856 1996 908 2061 hia
927 1995 1094 2061 Christum.
1113 1995 1152 2074 (i.
1171 2012 1201 2057 a.

89 2099 156 2165 Dei
175 2099 295 2178 filium)
314 2097 423 2161 verbio
442 2101 633 2186 alloquiturt
658 2100 828 2164 ”Domine
848 2098 938 2178 Iesu,
967 2097 1088 2184 praesta
1108 2093 1203 2175 mibi,

89 2213 129 2264 ut
141 2196 262 2285 aliquid
277 2201 480 2263 monumenti
493 2202 612 2265 habere
624 2222 750 2266 merear
766 2201 802 2264 in
821 2199 1025 2263 tabernaculo
1042 2208 1128 2276 tuo„
1140 2207 1201 2262 etc.

88 2302 131 2369 In
144 2301 207 2365 alia
222 2298 356 2363 humisia
371 2298 398 2377 I,
417 2314 432 2367 t
454 2300 489 2364 in
503 2300 610 2368 Levit.
626 2305 692 2367 vol.
705 2301 749 2382 II,
768 2314 846 2370 tae:
873 2300 970 2387 ”lpse
989 2299 1081 2362 nobie
1092 2295 1204 2361 domi-

90 2425 200 2485 nua‚,‚
233 2395 356 2488 iuquitj
386 2402 479 2490 ”ipsa
509 2405 633 2469 sanctus
658 2404 787 2490 spiritua
819 2397 1039 2489 deprecandus
1068 2399 1131 2477 cst,
1165 2409 1204 2461 ut

90 2524 226 2571 omnem
240 2502 393 2566 nebulam
407 2523 602 2591 omnemque
615 2505 802 2585 caliginem,
823 2523 906 2588 quae
918 2511 1120 2588 peccatorum
1132 2500 1206 2561 sor·-

89 2608 188 2673 dibue
201 2614 347 2669 concreta
359 2603 464 2666 risum
477 2605 574 2667 nostri
586 2603 691 2668 cordia
704 2608 864 2679 obscurat,
878 2603 1004 2663 auferre
1019 2598 1175 2680 dignetur.
1183 2647 1205 2680 ‚‚

89 2708 133 2774 Et
146 2706 251 2770 rursua
261 2703 374 2767 homil.
389 2703 432 2783 Is,
451 2702 518 2770 bin
531 2703 637 2769 Lavit.
654 2727 685 2791 p.
703 2719 781 2774 209:
803 2705 1007 2770 ”Dominum
1018 2721 1130 2763 meum
1143 2698 1206 2764 Je-

90 2813 161 2875 rarn
174 2808 324 2870 invocare
341 2823 396 2867 me
418 2816 562 2891 oportet,
590 2816 627 2874 ut
647 2817 854 2891 quaerentem
872 2824 927 2867 ma
944 2803 1039 2866 saciat
1056 2801 1207 2866 invenire

89 2925 126 2976 et
144 2905 281 2998 pulsanti
302 2905 464 2992 aperiat„
513 2904 556 2969 Et
572 2905 607 2968 in
631 2905 694 2967 alia
710 2908 823 2970 homil.
838 2903 1002 2983 XXVI,³
1022 2901 1057 2966 in
1072 2902 1204 2969 Numer.

90 3012 159 3075 vol.
173 3008 217 3088 11,
236 3017 317 3074 stt:
337 3005 434 3073 ”Noe
447 3025 578 3069 oremus
590 3025 633 3069 ex
646 3003 741 3069 corde
752 3008 889 3070 verbum
896 3004 977 3083 Dei,
998 3001 1053 3089 qui
1065 3005 1111 3067 est
1126 3006 1207 3089 uni·-

91 3110 221 3195 genitus
238 3111 324 3188 ejus,
350 3118 384 3168 et
401 3108 456 3192 qui
476 3108 600 3169 revelat
616 3115 759 3193 patrem,
781 3105 896 3191 quibua
909 3105 996 3183 vult,
1017 3115 1054 3167 ut
1066 3117 1099 3168 et
1113 3105 1207 3170 nobie

89 3218 173 3280 Iraac
185 3210 329 3274 revelare
346 3205 503 3289 dignetur.
513 3254 534 3286 „
575 3203 907 3284 atramentum,
924 3212 944 3272 4
959 3203 994 3267 in
1008 3203 1123 3267 Erech.
1137 3205 1206 3275 ros.

90 3313 155 3397 111,
172 3323 255 3380 8662
284 3308 436 3375 ’‘Praeste
454 3309 536 3371 mibi
550 3304 690 3397 (ibrida,
716 3318 754 3371 ut
773 3303 972 3392 dirrumpam
991 3307 1155 3370 cervicalia
1171 3307 1207 3368 in

91 3417 275 3482 animarum
305 3411 434 3474 confuta
462 3406 663 3487 luxuriam„
710 3405 882 3494 ¹Imprimis
907 3418 1017 3471 autem
1039 3409 1128 3471 locua
1151 3406 1225 3471 itte-

94 3522 209 3605 (quem
221 3510 331 3577 laudat
343 3508 544 3592 Binghamua
556 3507 665 3589 Origg.
677 3506 745 3571 sare
763 3505 883 3594 antiqu.
900 3509 976 3571 eccl.
998 3509 1112 3573 avers.
1127 3504 1208 3572 Gri-

93 3615 215 3684 schorii
227 3614 294 3679 vol.
308 3613 352 3677 V.
372 3634 405 3701 p.
423 3616 479 3694 52)
499 3611 534 3674 in
551 3607 782 3673 commentario
799 3607 834 3671 in
853 3628 904 3695 ep.
918 3607 960 3672 ad
972 3608 1068 3673 Rom.
1082 3606 1116 3671 X
1134 3608 1205 3689 (lib.

94 3716 206 3798 VIII.)
226 3714 375 3781 notabilia
395 3715 458 3794 ast,
486 3711 543 3777 ubi
567 3709 727 3777 Christum
747 3708 856 3773 Deum
875 3710 939 3772 esse
957 3711 1071 3793 probat
1091 3728 1134 3772 ax
1154 3728 1206 3789 eo,

95 3815 390 3907 quodinprecibua
403 3814 580 3879 invocetur.
615 3809 863 3897 ”Apostolua,‚‚
890 3806 1011 3893 inquit,
1038 3807 1207 3896 ”inprin-

95 3920 182 4009 cipio
200 3918 367 4007 epistolae,
394 3936 491 4005 quam
511 3911 554 3979 ad
566 3910 748 3979 Corinthios
765 3909 886 3992 scribit,
913 3907 970 3970 ubi
991 3904 1085 3973 dicit:
1123 3909 1206 3979 (lum
