<?xml version="1.0" encoding="UTF-8"?>
<!DOCTYPE html PUBLIC "-//W3C//DTD XHTML 1.0 Transitional//EN"
    "http://www.w3.org/TR/xhtml1/DTD/xhtml1-transitional.dtd">
<html xmlns="http://www.w3.org/1999/xhtml" xml:lang="en" lang="en">
 <head>
  <title>
</title>
<meta http-equiv="Content-Type" content="text/html;charset=utf-8" />
  <meta name='ocr-system' content='tesseract 3.04.00' />
  <meta name='ocr-capabilities' content='ocr_page ocr_carea ocr_par ocr_line ocrx_word'/>
</head>
<body>
  <div class='ocr_page' id='page_1' title='image "./descholaquaeale00guergoog/descholaquaeale00guergoog_0225.png"; bbox 0 0 2572 4770; ppageno 0'>
   <div class='ocr_carea' id='block_1_1' title="bbox 151 247 959 347">
    <p class='ocr_par' dir='ltr' id='par_1_1' title="bbox 151 247 959 347">
     <span class='ocr_line' id='line_1_1' title="bbox 151 247 959 347; baseline -0.017 -22"><span class='ocrx_word' id='word_1_1' title='bbox 151 260 200 325; x_wconf 82' lang='lat' dir='ltr'><strong>tt</strong></span> <span class='ocrx_word' id='word_1_2' title='bbox 456 247 545 347; x_wconf 56' lang='grc' dir='ltr'><strong>(ξαρ.</strong></span> <span class='ocrx_word' id='word_1_3' title='bbox 570 248 623 318; x_wconf 84' lang='lat' dir='ltr'><strong>Is.</strong></span> <span class='ocrx_word' id='word_1_4' title='bbox 672 248 959 329; x_wconf 73' lang='lat' dir='ltr'><strong>Hemunwtica.</strong></span> 
     </span>
    </p>
   </div>
   <div class='ocr_carea' id='block_1_2' title="bbox 65 426 1267 1225">
    <p class='ocr_par' dir='ltr' id='par_1_2' title="bbox 65 426 1267 1225">
     <span class='ocr_line' id='line_1_2' title="bbox 149 426 1267 518; baseline -0.008 -19"><span class='ocrx_word' id='word_1_5' title='bbox 149 428 194 499; x_wconf 75' lang='lat' dir='ltr'><strong>m</strong></span> <span class='ocrx_word' id='word_1_6' title='bbox 212 428 291 518; x_wconf 87' lang='lat' dir='ltr'><strong>quid</strong></span> <span class='ocrx_word' id='word_1_7' title='bbox 313 440 381 495; x_wconf 83' lang='lat' dir='ltr'><strong>tum</strong></span> <span class='ocrx_word' id='word_1_8' title='bbox 402 441 569 506; x_wconf 82' lang='lat' dir='ltr'><strong>tenerum,</strong></span> <span class='ocrx_word' id='word_1_9' title='bbox 596 427 673 517; x_wconf 76' lang='lat' dir='ltr'><strong>quid</strong></span> <span class='ocrx_word' id='word_1_10' title='bbox 693 440 760 494; x_wconf 88' lang='lat' dir='ltr'><strong>tarn</strong></span> <span class='ocrx_word' id='word_1_11' title='bbox 778 431 917 508; x_wconf 87' lang='lat' dir='ltr'><strong>bonum,</strong></span> <span class='ocrx_word' id='word_1_12' title='bbox 937 445 1036 514; x_wconf 86' lang='lat' dir='ltr'><strong>quam</strong></span> <span class='ocrx_word' id='word_1_13' title='bbox 1051 428 1099 491; x_wconf 79' lang='lat' dir='ltr'><strong>est</strong></span> <span class='ocrx_word' id='word_1_14' title='bbox 1109 426 1186 507; x_wconf 85' lang='lat' dir='ltr'><strong>ille,</strong></span> <span class='ocrx_word' id='word_1_15' title='bbox 1207 426 1267 514; x_wconf 85' lang='lat' dir='ltr'><strong>qui</strong></span> 
     </span>
     <span class='ocr_line' id='line_1_3' title="bbox 148 529 1265 616; baseline -0.003 -19"><span class='ocrx_word' id='word_1_16' title='bbox 148 534 334 597; x_wconf 77' lang='lat' dir='ltr'><strong>humiliavit</strong></span> <span class='ocrx_word' id='word_1_17' title='bbox 354 536 386 597; x_wconf 88' lang='lat' dir='ltr'><strong>se</strong></span> <span class='ocrx_word' id='word_1_18' title='bbox 406 552 465 616; x_wconf 89' lang='lat' dir='ltr'><strong>pro</strong></span> <span class='ocrx_word' id='word_1_19' title='bbox 483 532 576 593; x_wconf 79' lang='lat' dir='ltr'><strong>nobie</strong></span> <span class='ocrx_word' id='word_1_20' title='bbox 596 551 698 616; x_wconf 84' lang='lat' dir='ltr'><strong>usque</strong></span> <span class='ocrx_word' id='word_1_21' title='bbox 720 530 759 592; x_wconf 86' lang='lat' dir='ltr'><strong>nd</strong></span> <span class='ocrx_word' id='word_1_22' title='bbox 779 540 932 606; x_wconf 87' lang='lat' dir='ltr'><strong>mortem,</strong></span> <span class='ocrx_word' id='word_1_23' title='bbox 960 540 1003 591; x_wconf 85' lang='lat' dir='ltr'><strong>et·</strong></span> <span class='ocrx_word' id='word_1_24' title='bbox 1014 529 1157 593; x_wconf 86' lang='lat' dir='ltr'><strong>animam</strong></span> <span class='ocrx_word' id='word_1_25' title='bbox 1173 530 1265 595; x_wconf 84' lang='lat' dir='ltr'><strong>suum</strong></span> 
     </span>
     <span class='ocr_line' id='line_1_4' title="bbox 147 629 1266 723; baseline -0.001 -27"><span class='ocrx_word' id='word_1_26' title='bbox 147 634 254 723; x_wconf 77' lang='lat' dir='ltr'><strong>posuit</strong></span> <span class='ocrx_word' id='word_1_27' title='bbox 274 654 332 719; x_wconf 89' lang='lat' dir='ltr'><strong>pro</strong></span> <span class='ocrx_word' id='word_1_28' title='bbox 351 632 462 695; x_wconf 74' lang='lat' dir='ltr'><strong>amicir</strong></span> <span class='ocrx_word' id='word_1_29' title='bbox 480 629 568 695; x_wconf 76' lang='lat' dir='ltr'><strong>suis?</strong></span> <span class='ocrx_word' id='word_1_30' title='bbox 609 631 739 695; x_wconf 75' lang='lat' dir='ltr'><strong>Vitulus</strong></span> <span class='ocrx_word' id='word_1_31' title='bbox 761 633 817 693; x_wconf 88' lang='lat' dir='ltr'><strong>ille</strong></span> <span class='ocrx_word' id='word_1_32' title='bbox 832 632 1008 721; x_wconf 76' lang='lat' dir='ltr'><strong>saginatus,</strong></span> <span class='ocrx_word' id='word_1_33' title='bbox 1024 651 1123 717; x_wconf 88' lang='lat' dir='ltr'><strong>quem</strong></span> <span class='ocrx_word' id='word_1_34' title='bbox 1134 651 1266 717; x_wconf 82' lang='lat' dir='ltr'><strong>prore·</strong></span> 
     </span>
     <span class='ocr_line' id='line_1_5' title="bbox 148 727 1263 820; baseline -0.004 -21"><span class='ocrx_word' id='word_1_35' title='bbox 148 746 242 820; x_wconf 76' lang='lat' dir='ltr'><strong>cepto</strong></span> <span class='ocrx_word' id='word_1_36' title='bbox 259 735 445 819; x_wconf 87' lang='lat' dir='ltr'><strong>poenitente</strong></span> <span class='ocrx_word' id='word_1_37' title='bbox 457 735 525 797; x_wconf 73' lang='lat' dir='ltr'><strong>sisio</strong></span> <span class='ocrx_word' id='word_1_38' title='bbox 535 733 658 813; x_wconf 79' lang='lat' dir='ltr'><strong>jugulat</strong></span> <span class='ocrx_word' id='word_1_39' title='bbox 670 744 769 817; x_wconf 86' lang='lat' dir='ltr'><strong>pater.</strong></span> <span class='ocrx_word' id='word_1_40' title='bbox 777 732 797 764; x_wconf 90' lang='lat'>”</span> <span class='ocrx_word' id='word_1_41' title='bbox 847 731 961 795; x_wconf 79' lang='lat' dir='ltr'><strong>Paucis</strong></span> <span class='ocrx_word' id='word_1_42' title='bbox 979 730 1170 810; x_wconf 78' lang='lat' dir='ltr'><strong>interjectis,</strong></span> <span class='ocrx_word' id='word_1_43' title='bbox 1183 727 1187 731; x_wconf 70' lang='grc'><strong>’</strong></span> <span class='ocrx_word' id='word_1_44' title='bbox 1198 751 1263 795; x_wconf 83' lang='lat' dir='ltr'><strong>ex-</strong></span> 
     </span>
     <span class='ocr_line' id='line_1_6' title="bbox 65 831 1264 925; baseline -0.002 -26"><span class='ocrx_word' id='word_1_45' title='bbox 65 848 73 861; x_wconf 81' lang='lat'><strong>·</strong></span> <span class='ocrx_word' id='word_1_46' title='bbox 147 837 322 925; x_wconf 81' lang='lat' dir='ltr'><strong>psicaturus</strong></span> <span class='ocrx_word' id='word_1_47' title='bbox 340 836 437 898; x_wconf 75' lang='lat' dir='ltr'><strong>verba</strong></span> <span class='ocrx_word' id='word_1_48' title='bbox 455 834 621 896; x_wconf 79' lang='lat' dir='ltr'><strong>commatis</strong></span> <span class='ocrx_word' id='word_1_49' title='bbox 639 845 685 899; x_wconf 81' lang='lat'><strong>9.:</strong></span> <span class='ocrx_word' id='word_1_50' title='bbox 719 832 789 917; x_wconf 89' lang='lat' dir='ltr'><strong>Ipse</strong></span> <span class='ocrx_word' id='word_1_51' title='bbox 808 844 916 894; x_wconf 86' lang='lat' dir='ltr'><strong>autern</strong></span> <span class='ocrx_word' id='word_1_52' title='bbox 935 831 1102 896; x_wconf 85' lang='lat' dir='ltr'><strong>Abrabam</strong></span> <span class='ocrx_word' id='word_1_53' title='bbox 1115 831 1264 897; x_wconf 72' lang='lat' dir='ltr'><strong>adstabat</strong></span> 
     </span>
     <span class='ocr_line' id='line_1_7' title="bbox 148 930 1264 1020; baseline -0.001 -18"><span class='ocrx_word' id='word_1_54' title='bbox 148 930 197 1003; x_wconf 64' lang='lat' dir='ltr'><strong>eir</strong></span> <span class='ocrx_word' id='word_1_55' title='bbox 206 938 262 999; x_wconf 90' lang='lat' dir='ltr'><strong>sub</strong></span> <span class='ocrx_word' id='word_1_56' title='bbox 274 940 396 1014; x_wconf 80' lang='lat' dir='ltr'><strong>arbore,</strong></span> <span class='ocrx_word' id='word_1_57' title='bbox 403 936 445 997; x_wconf 83' lang='lat' dir='ltr'><strong>fic</strong></span> <span class='ocrx_word' id='word_1_58' title='bbox 452 932 902 1020; x_wconf 83' lang='lat' dir='ltr'><strong>alloquiturnosterauditores</strong></span> <span class='ocrx_word' id='word_1_59' title='bbox 911 935 1000 996; x_wconf 77' lang='lat' dir='ltr'><strong>suost</strong></span> <span class='ocrx_word' id='word_1_60' title='bbox 1021 932 1264 1016; x_wconf 78' lang='lat' dir='ltr'><strong>’&#39;Adbujusce-</strong></span> 
     </span>
     <span class='ocr_line' id='line_1_8' title="bbox 147 1031 1263 1119; baseline -0.003 -16"><span class='ocrx_word' id='word_1_61' title='bbox 147 1036 238 1103; x_wconf 84' lang='lat' dir='ltr'><strong>modi</strong></span> <span class='ocrx_word' id='word_1_62' title='bbox 249 1035 645 1101; x_wconf 74' lang='lat' dir='ltr'><strong>uenationescircumcisus</strong></span> <span class='ocrx_word' id='word_1_63' title='bbox 655 1054 748 1101; x_wconf 81' lang='lat' dir='ltr'><strong>aurea</strong></span> <span class='ocrx_word' id='word_1_64' title='bbox 758 1033 981 1119; x_wconf 75' lang='lat' dir='ltr'><strong>requirimus..</strong></span> <span class='ocrx_word' id='word_1_65' title='bbox 1001 1031 1091 1112; x_wconf 87' lang='lat' dir='ltr'><strong>Quid</strong></span> <span class='ocrx_word' id='word_1_66' title='bbox 1102 1036 1195 1099; x_wconf 86' lang='lat' dir='ltr'><strong>euim</strong></span> <span class='ocrx_word' id='word_1_67' title='bbox 1205 1055 1263 1100; x_wconf 79' lang='lat' dir='ltr'><strong>me</strong></span> 
     </span>
     <span class='ocr_line' id='line_1_9' title="bbox 145 1132 1263 1225; baseline -0.003 -22"><span class='ocrx_word' id='word_1_68' title='bbox 145 1141 254 1221; x_wconf 71' lang='lat' dir='ltr'><strong>turn,</strong></span> <span class='ocrx_word' id='word_1_69' title='bbox 271 1140 327 1225; x_wconf 86' lang='lat' dir='ltr'><strong>qui</strong></span> <span class='ocrx_word' id='word_1_70' title='bbox 340 1135 415 1200; x_wconf 84' lang='lat' dir='ltr'><strong>veni</strong></span> <span class='ocrx_word' id='word_1_71' title='bbox 427 1135 554 1215; x_wconf 86' lang='lat' dir='ltr'><strong>audire,</strong></span> <span class='ocrx_word' id='word_1_72' title='bbox 582 1132 659 1221; x_wconf 88' lang='lat' dir='ltr'><strong>quid</strong></span> <span class='ocrx_word' id='word_1_73' title='bbox 679 1135 805 1220; x_wconf 87' lang='lat' dir='ltr'><strong>spiritus</strong></span> <span class='ocrx_word' id='word_1_74' title='bbox 817 1136 939 1197; x_wconf 86' lang='lat' dir='ltr'><strong>sauctus</strong></span> <span class='ocrx_word' id='word_1_75' title='bbox 955 1135 1136 1219; x_wconf 83' lang='lat' dir='ltr'><strong>humanum</strong></span> <span class='ocrx_word' id='word_1_76' title='bbox 1147 1132 1263 1201; x_wconf 85' lang='lat' dir='ltr'><strong>doceat</strong></span> 
     </span>
    </p>
   </div>
   <div class='ocr_carea' id='block_1_3' title="bbox 12 1214 1261 1323">
    <p class='ocr_par' dir='ltr' id='par_1_3' title="bbox 12 1214 1261 1323">
     <span class='ocr_line' id='line_1_10' title="bbox 12 1214 1261 1323; baseline 0.002 -22"><span class='ocrx_word' id='word_1_77' title='bbox 12 1214 17 1229; x_wconf 50' lang='lat'>⁸</span> <span class='ocrx_word' id='word_1_78' title='bbox 146 1258 265 1321; x_wconf 64' lang='lat' dir='ltr'><strong>genua,</strong></span> <span class='ocrx_word' id='word_1_79' title='bbox 299 1235 489 1315; x_wconf 75' lang='lat' dir='ltr'><strong>suaudiero,</strong></span> <span class='ocrx_word' id='word_1_80' title='bbox 523 1235 611 1323; x_wconf 88' lang='lat' dir='ltr'><strong>quod</strong></span> <span class='ocrx_word' id='word_1_81' title='bbox 631 1234 797 1297; x_wconf 81' lang='lat' dir='ltr'><strong>Abrabam</strong></span> <span class='ocrx_word' id='word_1_82' title='bbox 815 1237 915 1297; x_wconf 87' lang='lat' dir='ltr'><strong>stabat</strong></span> <span class='ocrx_word' id='word_1_83' title='bbox 934 1238 991 1297; x_wconf 94' lang='lat' dir='ltr'><strong>sub</strong></span> <span class='ocrx_word' id='word_1_84' title='bbox 1008 1233 1145 1299; x_wconf 84' lang='lat' dir='ltr'><strong>arbore?</strong></span> <span class='ocrx_word' id='word_1_85' title='bbox 1192 1235 1261 1303; x_wconf 80' lang='lat' dir='ltr'><strong>Sed</strong></span> 
     </span>
    </p>
   </div>
   <div class='ocr_carea' id='block_1_4' title="bbox 97 1336 1259 1627">
    <p class='ocr_par' dir='ltr' id='par_1_4' title="bbox 97 1336 1259 1627">
     <span class='ocr_line' id='line_1_11' title="bbox 144 1336 1259 1424; baseline -0.001 -22"><span class='ocrx_word' id='word_1_86' title='bbox 144 1338 332 1415; x_wconf 75' lang='lat' dir='ltr'><strong>videamus,</strong></span> <span class='ocrx_word' id='word_1_87' title='bbox 360 1359 442 1423; x_wconf 86' lang='lat' dir='ltr'><strong>quae</strong></span> <span class='ocrx_word' id='word_1_88' title='bbox 460 1340 496 1400; x_wconf 85' lang='lat' dir='ltr'><strong>fit</strong></span> <span class='ocrx_word' id='word_1_89' title='bbox 514 1340 623 1417; x_wconf 85' lang='lat' dir='ltr'><strong>arbor,</strong></span> <span class='ocrx_word' id='word_1_90' title='bbox 650 1340 706 1399; x_wconf 91' lang='lat' dir='ltr'><strong>sub</strong></span> <span class='ocrx_word' id='word_1_91' title='bbox 723 1360 785 1424; x_wconf 87' lang='lat' dir='ltr'><strong>qua</strong></span> <span class='ocrx_word' id='word_1_92' title='bbox 804 1338 902 1398; x_wconf 84' lang='lat' dir='ltr'><strong>stabat</strong></span> <span class='ocrx_word' id='word_1_93' title='bbox 916 1336 1102 1415; x_wconf 85' lang='lat' dir='ltr'><strong>Abrabam,</strong></span> <span class='ocrx_word' id='word_1_94' title='bbox 1130 1348 1259 1401; x_wconf 87' lang='lat' dir='ltr'><strong>etcou-</strong></span> 
     </span>
     <span class='ocr_line' id='line_1_12' title="bbox 144 1437 1258 1525; baseline -0.004 -21"><span class='ocrx_word' id='word_1_95' title='bbox 144 1440 270 1505; x_wconf 74' lang='lat' dir='ltr'><strong>viviurn</strong></span> <span class='ocrx_word' id='word_1_96' title='bbox 282 1437 413 1500; x_wconf 89' lang='lat' dir='ltr'><strong>domiuo</strong></span> <span class='ocrx_word' id='word_1_97' title='bbox 429 1451 525 1524; x_wconf 86' lang='lat' dir='ltr'><strong>atque</strong></span> <span class='ocrx_word' id='word_1_98' title='bbox 537 1440 658 1522; x_wconf 83' lang='lat' dir='ltr'><strong>angelis</strong></span> <span class='ocrx_word' id='word_1_99' title='bbox 672 1439 853 1501; x_wconf 78' lang='lat' dir='ltr'><strong>exhibebat.</strong></span> <span class='ocrx_word' id='word_1_100' title='bbox 883 1470 886 1475; x_wconf 94' lang='lat'>·</span> <span class='ocrx_word' id='word_1_101' title='bbox 905 1437 971 1502; x_wconf 87' lang='lat' dir='ltr'><strong>Sub</strong></span> <span class='ocrx_word' id='word_1_102' title='bbox 985 1441 1114 1515; x_wconf 81' lang='lat' dir='ltr'><strong>arbore,</strong></span> <span class='ocrx_word' id='word_1_103' title='bbox 1141 1438 1258 1525; x_wconf 76' lang='lat' dir='ltr'><strong>inquit,</strong></span> 
     </span>
     <span class='ocr_line' id='line_1_13' title="bbox 97 1537 1257 1627; baseline -0.001 -21"><span class='ocrx_word' id='word_1_104' title='bbox 97 1546 101 1557; x_wconf 90' lang='lat'>&#39;</span> <span class='ocrx_word' id='word_1_105' title='bbox 144 1539 301 1607; x_wconf 73' lang='lat' dir='ltr'><strong>Mambre.</strong></span> <span class='ocrx_word' id='word_1_106' title='bbox 347 1537 493 1602; x_wconf 81' lang='lat' dir='ltr'><strong>Mambre</strong></span> <span class='ocrx_word' id='word_1_107' title='bbox 516 1541 551 1602; x_wconf 91' lang='lat' dir='ltr'><strong>iu</strong></span> <span class='ocrx_word' id='word_1_108' title='bbox 571 1541 672 1601; x_wconf 86' lang='lat' dir='ltr'><strong>nostra</strong></span> <span class='ocrx_word' id='word_1_109' title='bbox 692 1540 799 1618; x_wconf 82' lang='lat' dir='ltr'><strong>lingua</strong></span> <span class='ocrx_word' id='word_1_110' title='bbox 818 1538 990 1623; x_wconf 75' lang='lat' dir='ltr'><strong>exponitur</strong></span> <span class='ocrx_word' id='word_1_111' title='bbox 1006 1539 1084 1601; x_wconf 87' lang='lat' dir='ltr'><strong>visio</strong></span> <span class='ocrx_word' id='word_1_112' title='bbox 1098 1538 1167 1603; x_wconf 81' lang='lat' dir='ltr'><strong>five</strong></span> <span class='ocrx_word' id='word_1_113' title='bbox 1178 1562 1257 1627; x_wconf 81' lang='lat' dir='ltr'><strong>per-</strong></span> 
     </span>
    </p>
   </div>
   <div class='ocr_carea' id='block_1_5' title="bbox 20 1637 1256 1737">
    <p class='ocr_par' dir='ltr' id='par_1_5' title="bbox 20 1637 1256 1737">
     <span class='ocr_line' id='line_1_14' title="bbox 20 1637 1256 1737; baseline 0.011 -42"><span class='ocrx_word' id='word_1_114' title='bbox 20 1660 36 1737; x_wconf 39' lang='grc' dir='ltr'><strong>Ι·</strong></span> <span class='ocrx_word' id='word_1_115' title='bbox 143 1642 284 1728; x_wconf 73' lang='lat' dir='ltr'><strong>spicaria.</strong></span> <span class='ocrx_word' id='word_1_116' title='bbox 331 1637 451 1717; x_wconf 84' lang='lat' dir='ltr'><strong>Vides,</strong></span> <span class='ocrx_word' id='word_1_117' title='bbox 480 1642 535 1726; x_wconf 89' lang='lat' dir='ltr'><strong>qui</strong></span> <span class='ocrx_word' id='word_1_118' title='bbox 555 1653 588 1703; x_wconf 88' lang='lat' dir='ltr'><strong>et</strong></span> <span class='ocrx_word' id='word_1_119' title='bbox 606 1640 708 1725; x_wconf 78' lang='lat' dir='ltr'><strong>qualis</strong></span> <span class='ocrx_word' id='word_1_120' title='bbox 720 1642 766 1700; x_wconf 86' lang='lat' dir='ltr'><strong>est</strong></span> <span class='ocrx_word' id='word_1_121' title='bbox 779 1640 882 1716; x_wconf 77' lang='lat' dir='ltr'><strong>locus,</strong></span> <span class='ocrx_word' id='word_1_122' title='bbox 904 1640 938 1700; x_wconf 90' lang='lat' dir='ltr'><strong>in</strong></span> <span class='ocrx_word' id='word_1_123' title='bbox 952 1661 1016 1724; x_wconf 92' lang='lat' dir='ltr'><strong>quo</strong></span> <span class='ocrx_word' id='word_1_124' title='bbox 1029 1638 1256 1730; x_wconf 82' lang='lat' dir='ltr'><strong>dominuapo-</strong></span> 
     </span>
    </p>
   </div>
   <div class='ocr_carea' id='block_1_6' title="bbox 43 1739 1275 3547">
    <p class='ocr_par' dir='ltr' id='par_1_6' title="bbox 43 1739 1275 3547">
     <span class='ocr_line' id='line_1_15' title="bbox 141 1739 1255 1829; baseline 0.003 -23"><span class='ocrx_word' id='word_1_125' title='bbox 141 1743 201 1806; x_wconf 77' lang='lat' dir='ltr'><strong>test</strong></span> <span class='ocrx_word' id='word_1_126' title='bbox 218 1742 337 1819; x_wconf 82' lang='lat' dir='ltr'><strong>babere</strong></span> <span class='ocrx_word' id='word_1_127' title='bbox 354 1739 565 1803; x_wconf 82' lang='lat' dir='ltr'><strong>convivium?</strong></span> <span class='ocrx_word' id='word_1_128' title='bbox 613 1740 794 1804; x_wconf 82' lang='lat' dir='ltr'><strong>Delectavit</strong></span> <span class='ocrx_word' id='word_1_129' title='bbox 814 1761 891 1803; x_wconf 85' lang='lat' dir='ltr'><strong>eum</strong></span> <span class='ocrx_word' id='word_1_130' title='bbox 914 1739 993 1801; x_wconf 80' lang='lat' dir='ltr'><strong>visro</strong></span> <span class='ocrx_word' id='word_1_131' title='bbox 1015 1752 1050 1803; x_wconf 86' lang='lat' dir='ltr'><strong>et</strong></span> <span class='ocrx_word' id='word_1_132' title='bbox 1067 1742 1255 1829; x_wconf 74' lang='lat' dir='ltr'><strong>perspicacia</strong></span> 
     </span>
     <span class='ocr_line' id='line_1_16' title="bbox 141 1838 1254 1927; baseline -0.002 -19"><span class='ocrx_word' id='word_1_133' title='bbox 141 1842 302 1910; x_wconf 70' lang='lat' dir='ltr'><strong>Abrahae.</strong></span> <span class='ocrx_word' id='word_1_134' title='bbox 343 1840 420 1903; x_wconf 83' lang='lat' dir='ltr'><strong>Erat</strong></span> <span class='ocrx_word' id='word_1_135' title='bbox 432 1843 520 1903; x_wconf 88' lang='lat' dir='ltr'><strong>euim</strong></span> <span class='ocrx_word' id='word_1_136' title='bbox 533 1839 674 1905; x_wconf 82' lang='lat' dir='ltr'><strong>muudus</strong></span> <span class='ocrx_word' id='word_1_137' title='bbox 689 1840 800 1920; x_wconf 85' lang='lat' dir='ltr'><strong>corde,</strong></span> <span class='ocrx_word' id='word_1_138' title='bbox 823 1853 858 1903; x_wconf 89' lang='lat' dir='ltr'><strong>ut</strong></span> <span class='ocrx_word' id='word_1_139' title='bbox 868 1843 970 1927; x_wconf 87' lang='lat' dir='ltr'><strong>posset</strong></span> <span class='ocrx_word' id='word_1_140' title='bbox 981 1838 1093 1905; x_wconf 82' lang='lat' dir='ltr'><strong>videre</strong></span> <span class='ocrx_word' id='word_1_141' title='bbox 1106 1841 1224 1907; x_wconf 87' lang='lat' dir='ltr'><strong>Deum.</strong></span> <span class='ocrx_word' id='word_1_142' title='bbox 1231 1890 1254 1926; x_wconf 80' lang='lat'>„</span> 
     </span>
     <span class='ocr_line' id='line_1_17' title="bbox 43 1939 1275 2028; baseline -0.001 -18"><span class='ocrx_word' id='word_1_143' title='bbox 43 1978 49 1997; x_wconf 86' lang='lat'><strong>·</strong></span> <span class='ocrx_word' id='word_1_144' title='bbox 140 1943 262 2010; x_wconf 80' lang='lat' dir='ltr'><strong>Homil.</strong></span> <span class='ocrx_word' id='word_1_145' title='bbox 276 1940 321 2020; x_wconf 90' lang='grc' dir='ltr'><strong>Χ,</strong></span> <span class='ocrx_word' id='word_1_146' title='bbox 339 1941 405 2005; x_wconf 70' lang='lat' dir='ltr'><strong>diu</strong></span> <span class='ocrx_word' id='word_1_147' title='bbox 420 1939 532 2006; x_wconf 87' lang='lat' dir='ltr'><strong>Genes.</strong></span> <span class='ocrx_word' id='word_1_148' title='bbox 546 1964 580 2028; x_wconf 82' lang='lat' dir='ltr'><strong>p.</strong></span> <span class='ocrx_word' id='word_1_149' title='bbox 596 1954 635 2007; x_wconf 83' lang='lat'><strong>88</strong></span> <span class='ocrx_word' id='word_1_150' title='bbox 650 1942 806 2021; x_wconf 80' lang='lat' dir='ltr'><strong>Origenes</strong></span> <span class='ocrx_word' id='word_1_151' title='bbox 820 1943 880 2005; x_wconf 84' lang='lat' dir='ltr'><strong>ait:</strong></span> <span class='ocrx_word' id='word_1_152' title='bbox 910 1941 986 2004; x_wconf 83' lang='lat' dir='ltr'><strong>”De</strong></span> <span class='ocrx_word' id='word_1_153' title='bbox 1002 1939 1150 2006; x_wconf 84' lang='lat' dir='ltr'><strong>Rebecca</strong></span> <span class='ocrx_word' id='word_1_154' title='bbox 1170 1941 1253 2009; x_wconf 88' lang='lat' dir='ltr'><strong>dici-</strong></span> <span class='ocrx_word' id='word_1_155' title='bbox 1271 1944 1275 1959; x_wconf 94' lang='lat'>&#39;</span> 
     </span>
     <span class='ocr_line' id='line_1_18' title="bbox 139 2041 1251 2123; baseline 0.003 -18"><span class='ocrx_word' id='word_1_156' title='bbox 139 2055 193 2110; x_wconf 86' lang='lat' dir='ltr'><strong>tur</strong></span> <span class='ocrx_word' id='word_1_157' title='bbox 206 2065 237 2107; x_wconf 83' lang='lat' dir='ltr'><strong>v.</strong></span> <span class='ocrx_word' id='word_1_158' title='bbox 254 2055 309 2109; x_wconf 76' lang='lat'><strong>16:</strong></span> <span class='ocrx_word' id='word_1_159' title='bbox 329 2041 430 2122; x_wconf 82' lang='lat' dir='ltr'><strong>Virgo</strong></span> <span class='ocrx_word' id='word_1_160' title='bbox 442 2054 510 2105; x_wconf 87' lang='lat' dir='ltr'><strong>erat</strong></span> <span class='ocrx_word' id='word_1_161' title='bbox 524 2042 637 2107; x_wconf 88' lang='lat' dir='ltr'><strong>decora</strong></span> <span class='ocrx_word' id='word_1_162' title='bbox 651 2043 762 2123; x_wconf 82' lang='lat' dir='ltr'><strong>valde,</strong></span> <span class='ocrx_word' id='word_1_163' title='bbox 779 2055 812 2106; x_wconf 88' lang='lat' dir='ltr'><strong>et</strong></span> <span class='ocrx_word' id='word_1_164' title='bbox 824 2043 874 2105; x_wconf 85' lang='lat' dir='ltr'><strong>vir</strong></span> <span class='ocrx_word' id='word_1_165' title='bbox 886 2063 951 2104; x_wconf 87' lang='lat' dir='ltr'><strong>non</strong></span> <span class='ocrx_word' id='word_1_166' title='bbox 964 2055 1158 2122; x_wconf 78' lang='lat' dir='ltr'><strong>cognoverat</strong></span> <span class='ocrx_word' id='word_1_167' title='bbox 1170 2065 1251 2113; x_wconf 81' lang='lat' dir='ltr'><strong>eant.</strong></span> 
     </span>
     <span class='ocr_line' id='line_1_19' title="bbox 139 2142 1253 2238; baseline 0.002 -27"><span class='ocrx_word' id='word_1_168' title='bbox 139 2142 207 2211; x_wconf 77' lang='lat' dir='ltr'><strong>sod</strong></span> <span class='ocrx_word' id='word_1_169' title='bbox 219 2142 296 2230; x_wconf 86' lang='lat' dir='ltr'><strong>quid</strong></span> <span class='ocrx_word' id='word_1_170' title='bbox 310 2146 370 2206; x_wconf 88' lang='lat' dir='ltr'><strong>boc</strong></span> <span class='ocrx_word' id='word_1_171' title='bbox 383 2143 452 2206; x_wconf 87' lang='lat' dir='ltr'><strong>est?</strong></span> <span class='ocrx_word' id='word_1_172' title='bbox 466 2190 474 2207; x_wconf 93' lang='lat'><strong>.</strong></span> <span class='ocrx_word' id='word_1_173' title='bbox 490 2190 498 2207; x_wconf 94' lang='lat'><strong>.</strong></span> <span class='ocrx_word' id='word_1_174' title='bbox 540 2145 638 2208; x_wconf 83' lang='lat' dir='ltr'><strong>Estne</strong></span> <span class='ocrx_word' id='word_1_175' title='bbox 649 2146 754 2230; x_wconf 87' lang='lat' dir='ltr'><strong>aliqua</strong></span> <span class='ocrx_word' id='word_1_176' title='bbox 767 2147 873 2223; x_wconf 82' lang='lat' dir='ltr'><strong>virgo,</strong></span> <span class='ocrx_word' id='word_1_177' title='bbox 894 2164 989 2238; x_wconf 61' lang='lat' dir='ltr'><strong>quam</strong></span> <span class='ocrx_word' id='word_1_178' title='bbox 1001 2143 1169 2225; x_wconf 76' lang='lat' dir='ltr'><strong>contigerit</strong></span> <span class='ocrx_word' id='word_1_179' title='bbox 1178 2147 1253 2213; x_wconf 79' lang='lat' dir='ltr'><strong>vir?</strong></span> 
     </span>
     <span class='ocr_line' id='line_1_20' title="bbox 139 2240 1252 2331; baseline -0.001 -21"><span class='ocrx_word' id='word_1_180' title='bbox 139 2243 205 2310; x_wconf 77' lang='lat' dir='ltr'><strong>Cur</strong></span> <span class='ocrx_word' id='word_1_181' title='bbox 216 2246 313 2324; x_wconf 81' lang='lat' dir='ltr'><strong>igitur</strong></span> <span class='ocrx_word' id='word_1_182' title='bbox 326 2243 468 2306; x_wconf 87' lang='lat' dir='ltr'><strong>additur:</strong></span> <span class='ocrx_word' id='word_1_183' title='bbox 489 2246 550 2309; x_wconf 84' lang='lat' dir='ltr'><strong>Vir</strong></span> <span class='ocrx_word' id='word_1_184' title='bbox 562 2267 627 2307; x_wconf 89' lang='lat' dir='ltr'><strong>uon</strong></span> <span class='ocrx_word' id='word_1_185' title='bbox 642 2256 834 2324; x_wconf 80' lang='lat' dir='ltr'><strong>cognoverat</strong></span> <span class='ocrx_word' id='word_1_186' title='bbox 846 2240 941 2305; x_wconf 82' lang='lat' dir='ltr'><strong>earu?</strong></span> <span class='ocrx_word' id='word_1_187' title='bbox 974 2243 1078 2331; x_wconf 83' lang='lat' dir='ltr'><strong>Saepe</strong></span> <span class='ocrx_word' id='word_1_188' title='bbox 1091 2248 1160 2324; x_wconf 86' lang='lat' dir='ltr'><strong>jam</strong></span> <span class='ocrx_word' id='word_1_189' title='bbox 1171 2244 1252 2331; x_wconf 81' lang='lat' dir='ltr'><strong>dixi,</strong></span> 
     </span>
     <span class='ocr_line' id='line_1_21' title="bbox 137 2342 1249 2433; baseline 0.01 -28"><span class='ocrx_word' id='word_1_190' title='bbox 137 2343 224 2433; x_wconf 74' lang='lat' dir='ltr'><strong>quod</strong></span> <span class='ocrx_word' id='word_1_191' title='bbox 237 2346 269 2405; x_wconf 90' lang='lat' dir='ltr'><strong>iu</strong></span> <span class='ocrx_word' id='word_1_192' title='bbox 284 2345 334 2406; x_wconf 86' lang='lat' dir='ltr'><strong>hia</strong></span> <span class='ocrx_word' id='word_1_193' title='bbox 347 2366 411 2405; x_wconf 88' lang='lat' dir='ltr'><strong>nou</strong></span> <span class='ocrx_word' id='word_1_194' title='bbox 425 2345 571 2406; x_wconf 80' lang='lat' dir='ltr'><strong>historiae</strong></span> <span class='ocrx_word' id='word_1_195' title='bbox 584 2357 768 2423; x_wconf 86' lang='lat' dir='ltr'><strong>narrantur,</strong></span> <span class='ocrx_word' id='word_1_196' title='bbox 794 2342 849 2407; x_wconf 87' lang='lat' dir='ltr'><strong>sed</strong></span> <span class='ocrx_word' id='word_1_197' title='bbox 862 2347 1010 2425; x_wconf 88' lang='lat' dir='ltr'><strong>mysteria</strong></span> <span class='ocrx_word' id='word_1_198' title='bbox 1025 2358 1249 2417; x_wconf 82' lang='lat' dir='ltr'><strong>contexuntur.</strong></span> 
     </span>
     <span class='ocr_line' id='line_1_22' title="bbox 136 2439 1251 2532; baseline 0.008 -24"><span class='ocrx_word' id='word_1_199' title='bbox 136 2439 219 2508; x_wconf 76' lang='lat' dir='ltr'><strong>‘sele</strong></span> <span class='ocrx_word' id='word_1_200' title='bbox 231 2463 307 2523; x_wconf 84' lang='lat' dir='ltr'><strong>ergo</strong></span> <span class='ocrx_word' id='word_1_201' title='bbox 320 2445 355 2505; x_wconf 86' lang='lat' dir='ltr'><strong>in</strong></span> <span class='ocrx_word' id='word_1_202' title='bbox 368 2447 430 2506; x_wconf 88' lang='lat' dir='ltr'><strong>boc</strong></span> <span class='ocrx_word' id='word_1_203' title='bbox 443 2445 565 2530; x_wconf 84' lang='lat' dir='ltr'><strong>aliquid</strong></span> <span class='ocrx_word' id='word_1_204' title='bbox 577 2446 709 2509; x_wconf 88' lang='lat' dir='ltr'><strong>indicari</strong></span> <span class='ocrx_word' id='word_1_205' title='bbox 722 2458 810 2532; x_wconf 86' lang='lat' dir='ltr'><strong>puto.</strong></span> <span class='ocrx_word' id='word_1_206' title='bbox 860 2445 949 2510; x_wconf 89' lang='lat' dir='ltr'><strong>Sicut</strong></span> <span class='ocrx_word' id='word_1_207' title='bbox 964 2447 1105 2514; x_wconf 80' lang='lat' dir='ltr'><strong>Christus</strong></span> <span class='ocrx_word' id='word_1_208' title='bbox 1123 2453 1251 2517; x_wconf 80' lang='lat' dir='ltr'><strong>animae</strong></span> 
     </span>
     <span class='ocr_line' id='line_1_23' title="bbox 135 2542 1249 2628; baseline 0.01 -20"><span class='ocrx_word' id='word_1_209' title='bbox 135 2544 188 2608; x_wconf 80' lang='lat' dir='ltr'><strong>vir</strong></span> <span class='ocrx_word' id='word_1_210' title='bbox 202 2542 332 2621; x_wconf 88' lang='lat' dir='ltr'><strong>dicitur,</strong></span> <span class='ocrx_word' id='word_1_211' title='bbox 356 2544 406 2605; x_wconf 90' lang='lat' dir='ltr'><strong>cui</strong></span> <span class='ocrx_word' id='word_1_212' title='bbox 420 2545 510 2606; x_wconf 91' lang='lat' dir='ltr'><strong>nubit</strong></span> <span class='ocrx_word' id='word_1_213' title='bbox 524 2547 648 2627; x_wconf 89' lang='lat' dir='ltr'><strong>anima,</strong></span> <span class='ocrx_word' id='word_1_214' title='bbox 677 2570 750 2611; x_wconf 85' lang='lat' dir='ltr'><strong>cum</strong></span> <span class='ocrx_word' id='word_1_215' title='bbox 769 2546 860 2610; x_wconf 82' lang='lat' dir='ltr'><strong>veuit</strong></span> <span class='ocrx_word' id='word_1_216' title='bbox 880 2546 920 2608; x_wconf 88' lang='lat' dir='ltr'><strong>ad</strong></span> <span class='ocrx_word' id='word_1_217' title='bbox 932 2547 1048 2628; x_wconf 82' lang='lat' dir='ltr'><strong>fidem3</strong></span> <span class='ocrx_word' id='word_1_218' title='bbox 1069 2551 1115 2614; x_wconf 85' lang='lat' dir='ltr'><strong>ita</strong></span> <span class='ocrx_word' id='word_1_219' title='bbox 1129 2565 1163 2616; x_wconf 89' lang='lat' dir='ltr'><strong>et</strong></span> <span class='ocrx_word' id='word_1_220' title='bbox 1174 2555 1249 2619; x_wconf 86' lang='lat' dir='ltr'><strong>buic&#39;</strong></span> 
     </span>
     <span class='ocr_line' id='line_1_24' title="bbox 136 2636 1250 2740; baseline 0.009 -31"><span class='ocrx_word' id='word_1_221' title='bbox 136 2645 381 2710; x_wconf 66' lang='lat' dir='ltr'><strong>contractusve</strong></span> <span class='ocrx_word' id='word_1_222' title='bbox 401 2645 456 2706; x_wconf 83' lang='lat' dir='ltr'><strong>itte</strong></span> <span class='ocrx_word' id='word_1_223' title='bbox 476 2648 536 2717; x_wconf 86' lang='lat' dir='ltr'><strong>est,</strong></span> <span class='ocrx_word' id='word_1_224' title='bbox 566 2651 615 2709; x_wconf 90' lang='lat' dir='ltr'><strong>cui</strong></span> <span class='ocrx_word' id='word_1_225' title='bbox 629 2636 721 2711; x_wconf 84' lang='lat' dir='ltr'><strong>nubit</strong></span> <span class='ocrx_word' id='word_1_226' title='bbox 732 2651 854 2727; x_wconf 87' lang='lat' dir='ltr'><strong>anima,</strong></span> <span class='ocrx_word' id='word_1_227' title='bbox 877 2671 950 2712; x_wconf 89' lang='lat' dir='ltr'><strong>curn</strong></span> <span class='ocrx_word' id='word_1_228' title='bbox 965 2649 1103 2715; x_wconf 89' lang='lat' dir='ltr'><strong>declinat</strong></span> <span class='ocrx_word' id='word_1_229' title='bbox 1114 2650 1156 2715; x_wconf 88' lang='lat' dir='ltr'><strong>ad</strong></span> <span class='ocrx_word' id='word_1_230' title='bbox 1170 2675 1250 2740; x_wconf 84' lang='lat' dir='ltr'><strong>per-</strong></span> 
     </span>
     <span class='ocr_line' id='line_1_25' title="bbox 133 2746 1249 2833; baseline 0.008 -23"><span class='ocrx_word' id='word_1_231' title='bbox 133 2746 265 2826; x_wconf 77' lang='lat' dir='ltr'><strong>fidiam3</strong></span> <span class='ocrx_word' id='word_1_232' title='bbox 296 2748 362 2833; x_wconf 89' lang='lat' dir='ltr'><strong>ipse</strong></span> <span class='ocrx_word' id='word_1_233' title='bbox 383 2748 455 2825; x_wconf 86' lang='lat' dir='ltr'><strong>itte,</strong></span> <span class='ocrx_word' id='word_1_234' title='bbox 485 2749 591 2833; x_wconf 88' lang='lat' dir='ltr'><strong>quiet</strong></span> <span class='ocrx_word' id='word_1_235' title='bbox 611 2750 760 2813; x_wconf 86' lang='lat' dir='ltr'><strong>inimicus</strong></span> <span class='ocrx_word' id='word_1_236' title='bbox 778 2752 876 2813; x_wconf 90' lang='lat' dir='ltr'><strong>bomo</strong></span> <span class='ocrx_word' id='word_1_237' title='bbox 895 2749 1026 2830; x_wconf 88' lang='lat' dir='ltr'><strong>dicitur,</strong></span> <span class='ocrx_word' id='word_1_238' title='bbox 1048 2774 1122 2815; x_wconf 91' lang='lat' dir='ltr'><strong>cum</strong></span> <span class='ocrx_word' id='word_1_239' title='bbox 1134 2755 1249 2819; x_wconf 90' lang='lat' dir='ltr'><strong>lolium</strong></span> 
     </span>
     <span class='ocr_line' id='line_1_26' title="bbox 131 2848 1246 2936; baseline 0.006 -23"><span class='ocrx_word' id='word_1_240' title='bbox 131 2848 299 2934; x_wconf 76' lang='lat' dir='ltr'><strong>superserit</strong></span> <span class='ocrx_word' id='word_1_241' title='bbox 320 2850 452 2928; x_wconf 85' lang='lat' dir='ltr'><strong>tritico„</strong></span> <span class='ocrx_word' id='word_1_242' title='bbox 466 2862 525 2912; x_wconf 86' lang='lat' dir='ltr'><strong>etc.</strong></span> <span class='ocrx_word' id='word_1_243' title='bbox 576 2849 694 2915; x_wconf 77' lang='lat' dir='ltr'><strong>Homib</strong></span> <span class='ocrx_word' id='word_1_244' title='bbox 712 2851 787 2917; x_wconf 78' lang='lat' dir='ltr'><strong>wl.</strong></span> <span class='ocrx_word' id='word_1_245' title='bbox 802 2853 835 2915; x_wconf 90' lang='lat' dir='ltr'><strong>iu</strong></span> <span class='ocrx_word' id='word_1_246' title='bbox 848 2852 911 2917; x_wconf 86' lang='lat' dir='ltr'><strong>Jos.</strong></span> <span class='ocrx_word' id='word_1_247' title='bbox 932 2854 996 2915; x_wconf 83' lang='lat' dir='ltr'><strong>vol.</strong></span> <span class='ocrx_word' id='word_1_248' title='bbox 1010 2850 1053 2931; x_wconf 86' lang='grc' dir='ltr'><strong>Π,</strong></span> <span class='ocrx_word' id='word_1_249' title='bbox 1068 2859 1131 2921; x_wconf 82' lang='lat'><strong>412</strong></span> <span class='ocrx_word' id='word_1_250' title='bbox 1143 2859 1246 2936; x_wconf 76' lang='lat' dir='ltr'><strong>tubas,</strong></span> 
     </span>
     <span class='ocr_line' id='line_1_27' title="bbox 121 2950 1246 3040; baseline 0.011 -31"><span class='ocrx_word' id='word_1_251' title='bbox 121 2960 269 3033; x_wconf 74' lang='lat' dir='ltr'><strong>&#39;quarum</strong></span> <span class='ocrx_word' id='word_1_252' title='bbox 287 2950 362 3013; x_wconf 86' lang='lat' dir='ltr'><strong>sono</strong></span> <span class='ocrx_word' id='word_1_253' title='bbox 383 2950 602 3013; x_wconf 83' lang='lat' dir='ltr'><strong>Hierichuntis</strong></span> <span class='ocrx_word' id='word_1_254' title='bbox 622 2952 707 3013; x_wconf 86' lang='lat' dir='ltr'><strong>muri</strong></span> <span class='ocrx_word' id='word_1_255' title='bbox 726 2965 931 3032; x_wconf 86' lang='lat' dir='ltr'><strong>corruerunt,</strong></span> <span class='ocrx_word' id='word_1_256' title='bbox 956 2954 1190 3040; x_wconf 37' lang='lat' dir='ltr'><strong>interpretetur!</strong></span> <span class='ocrx_word' id='word_1_257' title='bbox 1203 2954 1246 3021; x_wconf 79' lang='lat' dir='ltr'><strong>du</strong></span> 
     </span>
     <span class='ocr_line' id='line_1_28' title="bbox 129 3047 1246 3139; baseline 0.007 -28"><span class='ocrx_word' id='word_1_258' title='bbox 129 3047 221 3111; x_wconf 75' lang='lat' dir='ltr'><strong>libris</strong></span> <span class='ocrx_word' id='word_1_259' title='bbox 233 3050 271 3115; x_wconf 83' lang='lat' dir='ltr'><strong>N.</strong></span> <span class='ocrx_word' id='word_1_260' title='bbox 286 3050 324 3113; x_wconf 89' lang='lat' dir='ltr'><strong>T.</strong></span> <span class='ocrx_word' id='word_1_261' title='bbox 376 3050 590 3115; x_wconf 72' lang='lat' dir='ltr'><strong>commentar.</strong></span> <span class='ocrx_word' id='word_1_262' title='bbox 611 3051 644 3113; x_wconf 89' lang='lat' dir='ltr'><strong>iu</strong></span> <span class='ocrx_word' id='word_1_263' title='bbox 658 3049 771 3115; x_wconf 77' lang='lat' dir='ltr'><strong>March.</strong></span> <span class='ocrx_word' id='word_1_264' title='bbox 789 3052 827 3117; x_wconf 90' lang='lat' dir='ltr'><strong>T.</strong></span> <span class='ocrx_word' id='word_1_265' title='bbox 844 3053 888 3115; x_wconf 88' lang='lat' dir='ltr'><strong>X.</strong></span> <span class='ocrx_word' id='word_1_266' title='bbox 911 3058 936 3139; x_wconf 61' lang='lat' dir='ltr'><strong>i.</strong></span> <span class='ocrx_word' id='word_1_267' title='bbox 952 3064 1003 3122; x_wconf 79' lang='lat'><strong>23.</strong></span> <span class='ocrx_word' id='word_1_268' title='bbox 1025 3056 1091 3121; x_wconf 77' lang='lat' dir='ltr'><strong>vol.</strong></span> <span class='ocrx_word' id='word_1_269' title='bbox 1108 3052 1168 3135; x_wconf 84' lang='grc' dir='ltr'>ΙΙΙ,</span> <span class='ocrx_word' id='word_1_270' title='bbox 1183 3066 1246 3127; x_wconf 68' lang='grc'><strong>473</strong></span> 
     </span>
     <span class='ocr_line' id='line_1_29' title="bbox 128 3150 1245 3240; baseline 0.009 -27"><span class='ocrx_word' id='word_1_271' title='bbox 128 3150 270 3214; x_wconf 77' lang='lat' dir='ltr'><strong>recitatio</strong></span> <span class='ocrx_word' id='word_1_272' title='bbox 289 3152 395 3216; x_wconf 77' lang='lat' dir='ltr'><strong>verbio</strong></span> <span class='ocrx_word' id='word_1_273' title='bbox 415 3152 544 3233; x_wconf 71' lang='lat' dir='ltr'><strong>(dsattsr.</strong></span> <span class='ocrx_word' id='word_1_274' title='bbox 564 3152 657 3231; x_wconf 85' lang='lat' dir='ltr'>XIV,</span> <span class='ocrx_word' id='word_1_275' title='bbox 676 3156 746 3233; x_wconf 77' lang='lat'>13)=</span> <span class='ocrx_word' id='word_1_276' title='bbox 778 3153 875 3233; x_wconf 86' lang='lat' dir='ltr'><strong>Quod</strong></span> <span class='ocrx_word' id='word_1_277' title='bbox 888 3177 961 3218; x_wconf 84' lang='lat' dir='ltr'><strong>curu</strong></span> <span class='ocrx_word' id='word_1_278' title='bbox 976 3154 1124 3220; x_wconf 79' lang='lat' dir='ltr'><strong>audiisset</strong></span> <span class='ocrx_word' id='word_1_279' title='bbox 1141 3156 1245 3240; x_wconf 80' lang='lat' dir='ltr'><strong>Jesuo,</strong></span> 
     </span>
     <span class='ocr_line' id='line_1_30' title="bbox 127 3248 1243 3337; baseline 0.011 -24"><span class='ocrx_word' id='word_1_280' title='bbox 127 3248 248 3314; x_wconf 76' lang='lat' dir='ltr'><strong>toceffit</strong></span> <span class='ocrx_word' id='word_1_281' title='bbox 264 3251 342 3315; x_wconf 87' lang='lat' dir='ltr'><strong>inde</strong></span> <span class='ocrx_word' id='word_1_282' title='bbox 353 3253 388 3314; x_wconf 89' lang='lat' dir='ltr'><strong>iu</strong></span> <span class='ocrx_word' id='word_1_283' title='bbox 401 3255 547 3317; x_wconf 86' lang='lat' dir='ltr'><strong>uaricula</strong></span> <span class='ocrx_word' id='word_1_284' title='bbox 558 3255 592 3317; x_wconf 90' lang='lat' dir='ltr'><strong>in</strong></span> <span class='ocrx_word' id='word_1_285' title='bbox 608 3257 714 3319; x_wconf 87' lang='lat' dir='ltr'><strong>locum</strong></span> <span class='ocrx_word' id='word_1_286' title='bbox 735 3253 895 3319; x_wconf 86' lang='lat' dir='ltr'><strong>desertum</strong></span> <span class='ocrx_word' id='word_1_287' title='bbox 914 3257 1069 3337; x_wconf 87' lang='lat' dir='ltr'><strong>seorsum,</strong></span> <span class='ocrx_word' id='word_1_288' title='bbox 1098 3257 1139 3322; x_wconf 92' lang='lat' dir='ltr'><strong>ad</strong></span> <span class='ocrx_word' id='word_1_289' title='bbox 1156 3261 1243 3325; x_wconf 87' lang='lat' dir='ltr'><strong>bunc</strong></span> 
     </span>
     <span class='ocr_line' id='line_1_31' title="bbox 124 3348 1245 3439; baseline 0.012 -26"><span class='ocrx_word' id='word_1_290' title='bbox 124 3348 235 3415; x_wconf 80' lang='lat' dir='ltr'><strong>lorum</strong></span> <span class='ocrx_word' id='word_1_291' title='bbox 249 3353 328 3416; x_wconf 85' lang='lat' dir='ltr'><strong>baec</strong></span> <span class='ocrx_word' id='word_1_292' title='bbox 341 3356 409 3416; x_wconf 87' lang='lat' dir='ltr'><strong>sere</strong></span> <span class='ocrx_word' id='word_1_293' title='bbox 422 3352 515 3420; x_wconf 90' lang='lat' dir='ltr'><strong>dicit:</strong></span> <span class='ocrx_word' id='word_1_294' title='bbox 547 3356 692 3434; x_wconf 76' lang='lat' dir='ltr'><strong>„Ablato</strong></span> <span class='ocrx_word' id='word_1_295' title='bbox 712 3376 729 3418; x_wconf 89' lang='lat' dir='ltr'><strong>a</strong></span> <span class='ocrx_word' id='word_1_296' title='bbox 745 3356 878 3421; x_wconf 78' lang='lat' dir='ltr'><strong>Judabir</strong></span> <span class='ocrx_word' id='word_1_297' title='bbox 895 3380 994 3439; x_wconf 83' lang='lat' dir='ltr'><strong>reguo</strong></span> <span class='ocrx_word' id='word_1_298' title='bbox 1008 3357 1088 3439; x_wconf 89' lang='lat' dir='ltr'><strong>Dei,</strong></span> <span class='ocrx_word' id='word_1_299' title='bbox 1114 3359 1245 3427; x_wconf 85' lang='lat' dir='ltr'><strong>dabitur</strong></span> 
     </span>
     <span class='ocr_line' id='line_1_32' title="bbox 123 3450 1243 3547; baseline 0.005 -28"><span class='ocrx_word' id='word_1_300' title='bbox 123 3450 207 3519; x_wconf 77' lang='lat' dir='ltr'><strong>tund</strong></span> <span class='ocrx_word' id='word_1_301' title='bbox 226 3457 390 3537; x_wconf 78' lang='lat' dir='ltr'><strong>gentibus,</strong></span> <span class='ocrx_word' id='word_1_302' title='bbox 426 3468 458 3518; x_wconf 90' lang='lat' dir='ltr'><strong>et</strong></span> <span class='ocrx_word' id='word_1_303' title='bbox 476 3476 535 3541; x_wconf 85' lang='lat' dir='ltr'><strong>per</strong></span> <span class='ocrx_word' id='word_1_304' title='bbox 552 3454 634 3518; x_wconf 83' lang='lat' dir='ltr'><strong>istud</strong></span> <span class='ocrx_word' id='word_1_305' title='bbox 651 3458 761 3542; x_wconf 71' lang='lat' dir='ltr'><strong>piures</strong></span> <span class='ocrx_word' id='word_1_306' title='bbox 779 3462 851 3521; x_wconf 88' lang='lat' dir='ltr'><strong>suut</strong></span> <span class='ocrx_word' id='word_1_307' title='bbox 867 3460 926 3521; x_wconf 81' lang='lat' dir='ltr'><strong>sitii</strong></span> <span class='ocrx_word' id='word_1_308' title='bbox 949 3459 1107 3538; x_wconf 82' lang='lat' dir='ltr'><strong>desertae,</strong></span> <span class='ocrx_word' id='word_1_309' title='bbox 1133 3482 1243 3547; x_wconf 83' lang='lat' dir='ltr'><strong>nequa</strong></span> 
     </span>
    </p>
   </div>
   <div class='ocr_carea' id='block_1_7' title="bbox 1 3555 1242 3648">
    <p class='ocr_par' dir='ltr' id='par_1_7' title="bbox 1 3555 1242 3648">
     <span class='ocr_line' id='line_1_33' title="bbox 1 3555 1242 3648; baseline 0.007 -32"><span class='ocrx_word' id='word_1_310' title='bbox 1 3637 2 3648; x_wconf 10' lang='grc' dir='ltr'>ἵ</span> <span class='ocrx_word' id='word_1_311' title='bbox 122 3556 299 3643; x_wconf 66' lang='lat' dir='ltr'><strong>propbetas</strong></span> <span class='ocrx_word' id='word_1_312' title='bbox 310 3555 458 3634; x_wconf 83' lang='lat' dir='ltr'><strong>edoctae,</strong></span> <span class='ocrx_word' id='word_1_313' title='bbox 480 3578 575 3642; x_wconf 83' lang='lat' dir='ltr'><strong>quam</strong></span> <span class='ocrx_word' id='word_1_314' title='bbox 589 3560 674 3636; x_wconf 80' lang='lat' dir='ltr'><strong>ejus,</strong></span> <span class='ocrx_word' id='word_1_315' title='bbox 697 3580 779 3643; x_wconf 86' lang='lat' dir='ltr'><strong>quae</strong></span> <span class='ocrx_word' id='word_1_316' title='bbox 794 3562 900 3624; x_wconf 84' lang='lat' dir='ltr'><strong>virum</strong></span> <span class='ocrx_word' id='word_1_317' title='bbox 913 3564 1027 3639; x_wconf 83' lang='lat' dir='ltr'><strong>habet,</strong></span> <span class='ocrx_word' id='word_1_318' title='bbox 1053 3582 1173 3646; x_wconf 83' lang='lat' dir='ltr'><strong>nempe</strong></span> <span class='ocrx_word' id='word_1_319' title='bbox 1186 3563 1242 3625; x_wconf 85' lang='lat' dir='ltr'><strong>se-</strong></span> 
     </span>
    </p>
   </div>
   <div class='ocr_carea' id='block_1_8' title="bbox 118 3655 1242 4250">
    <p class='ocr_par' dir='ltr' id='par_1_8' title="bbox 118 3655 1242 4250">
     <span class='ocr_line' id='line_1_34' title="bbox 122 3655 1242 3749; baseline 0.004 -27"><span class='ocrx_word' id='word_1_320' title='bbox 122 3675 198 3740; x_wconf 60' lang='lat' dir='ltr'><strong>tutu</strong></span> <span class='ocrx_word' id='word_1_321' title='bbox 211 3655 297 3739; x_wconf 77' lang='lat' dir='ltr'><strong>(Gar.</strong></span> <span class='ocrx_word' id='word_1_322' title='bbox 310 3656 370 3735; x_wconf 86' lang='lat' dir='ltr'><strong>lV,</strong></span> <span class='ocrx_word' id='word_1_323' title='bbox 385 3661 451 3736; x_wconf 78' lang='lat'><strong>27).</strong></span> <span class='ocrx_word' id='word_1_324' title='bbox 499 3657 537 3721; x_wconf 93' lang='lat' dir='ltr'><strong>Iu</strong></span> <span class='ocrx_word' id='word_1_325' title='bbox 559 3660 702 3721; x_wconf 79' lang='lat' dir='ltr'><strong>navicula</strong></span> <span class='ocrx_word' id='word_1_326' title='bbox 717 3660 741 3721; x_wconf 88' lang='lat' dir='ltr'><strong>i.</strong></span> <span class='ocrx_word' id='word_1_327' title='bbox 755 3681 784 3723; x_wconf 87' lang='lat' dir='ltr'><strong>e.</strong></span> <span class='ocrx_word' id='word_1_328' title='bbox 797 3662 832 3723; x_wconf 90' lang='lat' dir='ltr'><strong>io</strong></span> <span class='ocrx_word' id='word_1_329' title='bbox 846 3684 979 3749; x_wconf 87' lang='lat' dir='ltr'><strong>corpore</strong></span> <span class='ocrx_word' id='word_1_330' title='bbox 991 3663 1111 3726; x_wconf 87' lang='lat' dir='ltr'><strong>secessit</strong></span> <span class='ocrx_word' id='word_1_331' title='bbox 1126 3662 1162 3725; x_wconf 90' lang='lat' dir='ltr'><strong>iu</strong></span> <span class='ocrx_word' id='word_1_332' title='bbox 1176 3660 1242 3727; x_wconf 79' lang='lat' dir='ltr'><strong>de-</strong></span> 
     </span>
     <span class='ocr_line' id='line_1_35' title="bbox 122 3757 1239 3843; baseline 0.008 -22"><span class='ocrx_word' id='word_1_333' title='bbox 122 3759 251 3835; x_wconf 68' lang='lat' dir='ltr'><strong>sonum.</strong></span> <span class='ocrx_word' id='word_1_334' title='bbox 306 3757 389 3822; x_wconf 86' lang='lat' dir='ltr'><strong>Cum</strong></span> <span class='ocrx_word' id='word_1_335' title='bbox 407 3769 515 3819; x_wconf 88' lang='lat' dir='ltr'><strong>autem</strong></span> <span class='ocrx_word' id='word_1_336' title='bbox 536 3758 571 3819; x_wconf 88' lang='lat' dir='ltr'><strong>in</strong></span> <span class='ocrx_word' id='word_1_337' title='bbox 590 3758 750 3821; x_wconf 87' lang='lat' dir='ltr'><strong>desertum</strong></span> <span class='ocrx_word' id='word_1_338' title='bbox 769 3764 978 3843; x_wconf 81' lang='lat' dir='ltr'><strong>pervenisset,</strong></span> <span class='ocrx_word' id='word_1_339' title='bbox 1011 3766 1151 3827; x_wconf 89' lang='lat' dir='ltr'><strong>seorsum</strong></span> <span class='ocrx_word' id='word_1_340' title='bbox 1171 3775 1239 3830; x_wconf 73' lang='lat' dir='ltr'><strong>erut</strong></span> 
     </span>
     <span class='ocr_line' id='line_1_36' title="bbox 120 3856 1239 3949; baseline 0.004 -24"><span class='ocrx_word' id='word_1_341' title='bbox 120 3858 159 3925; x_wconf 81' lang='lat' dir='ltr'><strong>iu</strong></span> <span class='ocrx_word' id='word_1_342' title='bbox 170 3860 247 3939; x_wconf 86' lang='lat' dir='ltr'><strong>illo,</strong></span> <span class='ocrx_word' id='word_1_343' title='bbox 266 3856 353 3945; x_wconf 88' lang='lat' dir='ltr'><strong>quod</strong></span> <span class='ocrx_word' id='word_1_344' title='bbox 369 3871 459 3921; x_wconf 81' lang='lat' dir='ltr'><strong>extra</strong></span> <span class='ocrx_word' id='word_1_345' title='bbox 470 3879 594 3920; x_wconf 86' lang='lat' dir='ltr'><strong>morem</strong></span> <span class='ocrx_word' id='word_1_346' title='bbox 608 3862 686 3921; x_wconf 87' lang='lat' dir='ltr'><strong>esset</strong></span> <span class='ocrx_word' id='word_1_347' title='bbox 698 3861 783 3923; x_wconf 82' lang='lat' dir='ltr'><strong>istius</strong></span> <span class='ocrx_word' id='word_1_348' title='bbox 797 3865 915 3941; x_wconf 85' lang='lat' dir='ltr'><strong>sermo,</strong></span> <span class='ocrx_word' id='word_1_349' title='bbox 943 3863 1150 3949; x_wconf 81' lang='lat' dir='ltr'><strong>doctrinaque</strong></span> <span class='ocrx_word' id='word_1_350' title='bbox 1168 3869 1239 3947; x_wconf 78' lang='lat' dir='ltr'><strong>ejut</strong></span> 
     </span>
     <span class='ocr_line' id='line_1_37' title="bbox 120 3957 1237 4045; baseline 0.008 -22"><span class='ocrx_word' id='word_1_351' title='bbox 120 3973 249 4045; x_wconf 78' lang='lat' dir='ltr'><strong>practer</strong></span> <span class='ocrx_word' id='word_1_352' title='bbox 259 3957 503 4023; x_wconf 81' lang='lat' dir='ltr'><strong>consuetudines</strong></span> <span class='ocrx_word' id='word_1_353' title='bbox 516 3972 548 4020; x_wconf 82' lang='lat' dir='ltr'><strong>et</strong></span> <span class='ocrx_word' id='word_1_354' title='bbox 561 3962 736 4025; x_wconf 75' lang='lat' dir='ltr'><strong>sanctiones</strong></span> <span class='ocrx_word' id='word_1_355' title='bbox 752 3965 892 4041; x_wconf 83' lang='lat' dir='ltr'><strong>gentium</strong></span> <span class='ocrx_word' id='word_1_356' title='bbox 902 3966 921 3997; x_wconf 90' lang='lat'><strong>”</strong></span> <span class='ocrx_word' id='word_1_357' title='bbox 938 3978 997 4028; x_wconf 86' lang='lat' dir='ltr'><strong>etc.</strong></span> <span class='ocrx_word' id='word_1_358' title='bbox 1048 3963 1087 4027; x_wconf 87' lang='lat' dir='ltr'><strong>T.</strong></span> <span class='ocrx_word' id='word_1_359' title='bbox 1102 3964 1181 4045; x_wconf 82' lang='lat' dir='ltr'><strong>XV,</strong></span> <span class='ocrx_word' id='word_1_360' title='bbox 1198 3973 1237 4033; x_wconf 80' lang='grc'><strong>14</strong></span> 
     </span>
     <span class='ocr_line' id='line_1_38' title="bbox 118 4059 1236 4148; baseline 0.006 -26"><span class='ocrx_word' id='word_1_361' title='bbox 118 4059 154 4122; x_wconf 75' lang='lat' dir='ltr'><strong>in</strong></span> <span class='ocrx_word' id='word_1_362' title='bbox 167 4060 282 4127; x_wconf 67' lang='lat' dir='ltr'><strong>uram.</strong></span> <span class='ocrx_word' id='word_1_363' title='bbox 298 4063 364 4125; x_wconf 83' lang='lat' dir='ltr'><strong>vos.</strong></span> <span class='ocrx_word' id='word_1_364' title='bbox 378 4059 436 4139; x_wconf 91' lang='lat'>111,</span> <span class='ocrx_word' id='word_1_365' title='bbox 453 4074 513 4126; x_wconf 80' lang='lat'><strong>702</strong></span> <span class='ocrx_word' id='word_1_366' title='bbox 529 4062 593 4146; x_wconf 81' lang='lat' dir='ltr'><strong>sqq.</strong></span> <span class='ocrx_word' id='word_1_367' title='bbox 607 4066 704 4125; x_wconf 80' lang='lat' dir='ltr'><strong>verbe</strong></span> <span class='ocrx_word' id='word_1_368' title='bbox 719 4064 850 4142; x_wconf 75' lang='lat' dir='ltr'><strong>(hsattb.</strong></span> <span class='ocrx_word' id='word_1_369' title='bbox 863 4064 943 4144; x_wconf 82' lang='lat' dir='ltr'><strong>XX,</strong></span> <span class='ocrx_word' id='word_1_370' title='bbox 957 4078 985 4131; x_wconf 80' lang='lat'><strong>6.</strong></span> <span class='ocrx_word' id='word_1_371' title='bbox 1004 4069 1056 4148; x_wconf 81' lang='lat'><strong>7):</strong></span> <span class='ocrx_word' id='word_1_372' title='bbox 1079 4064 1171 4145; x_wconf 83' lang='lat' dir='ltr'><strong>Quid</strong></span> <span class='ocrx_word' id='word_1_373' title='bbox 1182 4069 1236 4129; x_wconf 86' lang='lat' dir='ltr'><strong>bic</strong></span> 
     </span>
     <span class='ocr_line' id='line_1_39' title="bbox 118 4161 1236 4250; baseline 0.006 -26"><span class='ocrx_word' id='word_1_374' title='bbox 118 4161 208 4224; x_wconf 75' lang='lat' dir='ltr'><strong>stutiu</strong></span> <span class='ocrx_word' id='word_1_375' title='bbox 226 4161 343 4228; x_wconf 77' lang='lat' dir='ltr'><strong>otiosi?</strong></span> <span class='ocrx_word' id='word_1_376' title='bbox 364 4174 423 4226; x_wconf 79' lang='lat' dir='ltr'><strong>cet.</strong></span> <span class='ocrx_word' id='word_1_377' title='bbox 443 4163 723 4247; x_wconf 73' lang='lat' dir='ltr'><strong>praeexisturtiam</strong></span> <span class='ocrx_word' id='word_1_378' title='bbox 745 4167 925 4228; x_wconf 72' lang='lat' dir='ltr'><strong>animarum</strong></span> <span class='ocrx_word' id='word_1_379' title='bbox 946 4168 1087 4250; x_wconf 84' lang='lat' dir='ltr'><strong>spectare</strong></span> <span class='ocrx_word' id='word_1_380' title='bbox 1110 4168 1171 4245; x_wconf 85' lang='lat' dir='ltr'><strong>ait,</strong></span> <span class='ocrx_word' id='word_1_381' title='bbox 1200 4172 1236 4231; x_wconf 60' lang='grc' dir='ltr'><strong>οἱ</strong></span> 
     </span>
    </p>
   </div>
   <div class='ocr_carea' id='block_1_9' title="bbox 0 0 1290 4770">
    <p class='ocr_par' dir='ltr' id='par_1_9' title="bbox 0 0 1290 4770">
     <span class='ocr_line' id='line_1_40' title="bbox 0 0 1290 4770; baseline 0 9"><span class='ocrx_word' id='word_1_382' title='bbox 0 0 1290 4770; x_wconf 95' lang='lat' dir='ltr'><strong> </strong></span> 
     </span>
    </p>
   </div>
  </div>
 </body>
</html>
