2572 4770
118 242 170 327 84
407 216 411 221 ³
503 238 588 332 Cap.
615 214 661 309 1..
702 234 847 307 critica.

123 440 198 507 cum
216 438 260 484 ex
280 440 330 506 ep.
352 417 394 483 ad
406 420 569 513 Hebraeos
587 416 701 483 diserte
723 418 823 482 Paulo
844 415 898 479 dat
914 414 949 481 iu
970 435 1021 500 ep.
1040 409 1080 475 ad
1095 406 1233 475 Fabium

121 517 209 611 apud
229 520 400 584 Eusebium
419 524 452 584 h.
477 541 506 585 e.
526 520 585 600 VI,
601 528 651 589 41.
679 543 709 605 p.
724 526 805 598 leo,
842 530 874 580 et
894 518 991 578 utitur
1015 535 1144 602 quoque
1168 536 1234 576 au-

123 620 266 685 ctoritate
289 621 438 705 epistulae
458 623 568 687 Jacobi
579 623 605 702 1,
622 633 660 690 13
679 620 812 700 eth,t
835 619 871 680 in
890 619 998 679 libello
1018 616 1058 678 de
1077 617 1233 697 martyrio

65 777 73 799 ,
124 742 152 785 c.
170 733 200 786 6.
221 732 326 807 pst,
352 744 377 789 c.
397 736 424 788 7.
446 734 530 808 pso
554 737 586 786 et
604 726 638 786 in
656 726 769 803 fragm.
794 745 836 784 ex
857 721 982 784 scholiis
1001 738 1091 798 graec
1122 717 1156 779 in
1179 738 1229 804 ep.
1258 800 1270 813 μ

121 818 234 893 iacobi
257 846 289 909 p.
310 837 371 889 200
398 846 440 888 ex
464 823 605 901 editione
629 823 804 911 „Operum
826 822 971 900 Dionysii
989 819 1086 883 Alex.
1109 841 1234 899 cogno-

123 922 376 1005 rnentoltlagni,
410 946 490 1009 quae
510 928 692 1011 supersunt,
728 923 966 989 Romac1797.
1021 920 1103 1006 Typ.
1125 942 1232 1002 congr.

102 1101 107 1107 .
122 1020 168 1102 de
181 1045 272 1111 prop.
286 1024 337 1090 ed.
351 1024 474 1090 Simon.
493 1023 533 1089 de
547 1024 718 1108 lllagiltris,
738 1028 829 1112 episc.
847 1024 1042 1103 Cyrenens.”
1062 1030 1141 1109 (quo
1155 1026 1234 1111 qui·

123 1120 201 1189 dem
215 1129 391 1212 exemplari
402 1129 469 1213 ipse
485 1126 650 1192 destitutus
667 1125 838 1190 secuudum
850 1125 1127 1205 HugiumEinleit.
1143 1126 1181 1189 l‘.
1190 1126 1233 1191 Π.

123 1234 235 1313 pter
256 1229 343 1291 locos
368 1228 444 1292 istos
469 1231 588 1310 citaviys
643 1228 832 1293 Gravissima
852 1247 929 1289 vero
955 1228 1000 1288 est
1023 1225 1169 1307 Dionysii
1191 1226 1234 1290 de

72 1354 80 1369 ³
122 1329 360 1416 apocalypsi
380 1333 551 1410 sententia,
568 1353 663 1417 quarn
673 1332 708 1392 in
722 1328 909 1408 fragmentis
926 1328 1080 1389 libroruin
1096 1325 1136 1389 de
1151 1350 1235 1413 pro-

54 1468 58 1475 ·
123 1427 324 1493 missionibus
341 1433 463 1516 profert
484 1432 566 1512 (rid.
584 1432 621 1498 P.
636 1431 661 1496 I.
689 1456 720 1519 p.
736 1435 801 1510 70).
852 1427 942 1509 Quid
962 1429 1063 1512 ipsum
1083 1431 1236 1511 moverit,

35 1540 38 1545 “
124 1540 169 1611 ut
178 1520 219 1591 de
238 1550 276 1592 ea
301 1533 499 1616 quaestiones
520 1535 687 1613 excitaret,
724 1534 775 1595 his
794 1530 870 1593 dicit
887 1530 993 1591 verbis
1011 1528 1111 1614 (apud
1130 1530 1236 1594 Euse-

124 1629 216 1703 bium
230 1630 263 1693 h.
276 1651 305 1696 e.
321 1632 396 1714 VH,
412 1643 462 1700 el.
485 1659 517 1721 p.
534 1636 627 1717 525):
655 1633 766 1715 „Cum
784 1633 819 1694 in
839 1631 1000 1717 publicum
1018 1630 1123 1693 editus
1137 1633 1177 1695 sit
1189 1634 1236 1696 li-

124 1729 303 1818 horisque,
324 1746 360 1796 ut
373 1736 535 1798 nonnullis
549 1735 693 1814 ridetur,
719 1734 760 1805 ad
781 1729 1034 1819 persuadendum
1048 1732 1235 1816 aptissimus,

124 1840 160 1911 at
174 1853 249 1896 cum
262 1833 392 1919 quidam
407 1832 551 1899 doctores
564 1839 669 1915 legem
682 1833 814 1921 quidem
832 1855 867 1895 ac
879 1833 1048 1918 propbetas
1069 1835 1163 1896 nihili
1180 1836 1236 1898 ss-

126 1930 230 2025 ¹ciant,
261 1937 428 2014 evangelia
449 1937 536 2022 sequi
553 1938 732 2017 negligant,
761 1937 974 2023 apostolorum
991 1935 1139 2020 epistolas
1154 1957 1237 1999 con-

126 2042 289 2115 temnant,
318 2036 414 2117 hujus
434 2060 510 2102 uero
532 2040 604 2104 libri
625 2036 801 2100 doctrinam
824 2035 909 2122 qlrasi
933 2055 1085 2115 magnum
1105 2036 1237 2123 aliquod

125 2144 162 2198 et
175 2156 326 2200 arcanum
340 2141 570 2204 sacramentum
587 2138 774 2215 venditent,
802 2151 834 2201 et
854 2136 1060 2222 simpliciores
1079 2136 1238 2223 quosdam

125 2223 172 2301 ex
189 2242 338 2302 fratribus
357 2241 469 2303 uostris
488 2239 570 2301 nihil
591 2240 724 2300 sublime
745 2250 838 2324 atque
858 2239 1081 2318 magnificum,
1113 2258 1172 2300 nec
1195 2236 1237 2300 de

125 2336 261 2417 glorioso
276 2342 464 2427 prorsusque
480 2338 587 2401 divino
604 2337 743 2402 adventu
764 2321 886 2401 domini
909 2340 1023 2416 nostri,
1051 2358 1108 2401 nec
1123 2337 1164 2402 de
1180 2361 1237 2402 re-

126 2438 319 2502 surrectione
333 2443 435 2502 nostra
451 2441 610 2524 nostrique
630 2439 669 2501 ad
685 2440 774 2503 Chris
775 2453 841 2501 tum
864 2437 1084 2520 aggregatione
1110 2453 1142 2502 et
1160 2442 1241 2503 assi-

127 2537 294 2605 milatione
314 2540 428 2602 sentire
451 2541 674 2626 patiantur,s
660 2539 714 2604 sed
735 2541 819 2604 levia
842 2539 998 2628 quaedam
1024 2542 1059 2599 ac
1078 2542 1238 2622 mortalia,

128 2648 163 2713 st
175 2639 282 2726 qualia
303 2661 386 2702 nunc
406 2642 554 2703 homines
575 2645 699 2727 sperare
721 2643 854 2706 solent
845 2665 877 2703 m
898 2663 952 2721 reg
955 2663 996 2702 no
1014 2639 1077 2703 Dei
1100 2643 1239 2721 cogitare

67 2744 277 2827 jubeant:
301 2742 393 2804 neces
392 2742 422 2803 se
438 2745 482 2804 est
497 2754 532 2804 ut
545 2741 695 2807 adversus
708 2747 837 2807 fratrem
852 2763 961 2805 meum
969 2743 1136 2827 Nepotem
1151 2746 1240 2828 quafi

127 2845 345 2930 praesentem,
369 2840 614 2928 disputationem
629 2845 827 2908 instituam.”
874 2836 1009 2923 Jamjam
1026 2844 1090 2929 ipse
1103 2845 1182 2906 llaec
1197 2845 1238 2910 de

128 2945 310 3032 apocalypsi
321 2945 427 3007 statuit
443 2943 498 3023 (de
512 2947 651 3030 prorniss.
665 2967 714 3031 op.
724 2947 835 3010 Euseb.
850 2943 925 3023 Vll,
941 2955 991 3010 25.
1014 2968 1046 3029 p.
1065 2955 1124 3009 527
1140 2949 1238 3031 l'qq.):

129 3045 317 3131 „Nonnulli
332 3043 462 3131 quidem
479 3046 590 3124 exiis,
612 3048 667 3132 qui
681 3069 739 3110 uos
753 3047 998 3132 praecesserunt,
1020 3047 1136 3107 librum
1144 3048 1239 3111 »hunc

123 3143 340 3232 'repudiarunt
363 3146 491 3230 penitus
511 3168 547 3208 ac
570 3151 762 3227 refutarunt,
793 3147 915 3226 singula
934 3150 1004 3225 ejus
1019 3148 1122 3231 capita
1136 3149 1239 3210 refel-

129 3244 236 3311 lentes
251 3266 388 3330 eumque
402 3248 521 3332 absque
537 3248 603 3310 ullo
614 3251 703 3310 sensu
718 3260 751 3311 et
763 3248 1000 3311 ratiocinatione
1014 3249 1163 3332 scripturn
1176 3247 1239 3311 esse

129 3349 350 3413 monstrantes.
392 3347 448 3415 Ad
461 3352 539 3411 haec
553 3350 789 3434 inscriptionem
804 3348 876 3410 libri
896 3348 1006 3408 falsam
1029 3350 1091 3410 esse
1112 3344 1241 3429 dicunt;

130 3467 237 3535 neque
260 3448 349 3509 enim
368 3462 529 3513 auctorem
553 3453 621 3527 qus
638 3451 700 3512 esse
720 3450 910 3514 iohannem.
958 3444 1022 3510 Sed
1039 3469 1148 3533 neque
1167 3469 1242 3511 earn

44 3618 53 3629 ,
129 3549 361 3617 revelationem
375 3550 455 3627 esse,
485 3550 603 3636 quippe
622 3571 704 3636 quae
724 3563 790 3614 tarn
812 3550 907 3613 crasso
927 3561 1057 3633 tamque
1073 3571 1172 3634 opaco
1184 3570 1243 3613 re-

130 3670 223 3732 turn,
252 3671 334 3737 quae
355 3652 495 3729 cognosci
518 3652 732 3736 nonpossint,
767 3649 901 3714 obducta
922 3651 960 3713 lit
976 3651 1060 3712 rel0.
1114 3650 1157 3712 Et
1174 3672 1243 3714 non

131 3750 231 3818 modo
250 3750 464 3839 apostolorum
488 3752 670 3830 neminem,
697 3749 753 3815 sed
774 3773 816 3815 ue
837 3754 938 3814 ullum
952 3749 1113 3836 quideme
1128 3751 1242 3813 sanctis

131 3863 169 3919 et
185 3853 396 3918 ecclesiasticis
414 3853 492 3916 viris
511 3853 608 3931 hujus
627 3854 728 3916 lilrelli
749 3852 944 3916 conditorem
963 3852 1056 3913 fuisse
1070 3849 1241 3915 affirmant.

134 3951 323 4020 cerinthum
342 3953 445 4034 euim,
481 3955 535 4041 qui
562 3955 701 4017 nominis
722 3955 769 4017 sui
789 3957 904 4016 sectam
932 3951 1135 4031 conflaverit,
1168 3972 1243 4015 cum

133 4072 268 4137 magnae
293 4057 487 4121 sonoritatis
516 4074 635 4119 nornen
663 4054 704 4117 ad
730 4054 909 4118 faciendam
934 4050 1033 4116 fidem
1054 4052 1243 4115 commentis

133 4152 198 4223 subt
214 4157 312 4225 redet
322 4158 515 4246 praefigere,
545 4156 700 4224 Joharruis
713 4157 852 4223 ‚titulum
866 4155 955 4244 operi
966 4157 1023 4220 suo
1037 4150 1194 4221 indidisse.
1210 4201 1218 4219 .
1232 4199 1242 4217 .
