2572 4770
121 170 196 291 siss
233 174 237 182 1
465 207 553 303 Cap.
578 204 649 278 IV.
684 168 843 274 'Ecaten

121 408 156 462 et
181 405 328 462 ornatam
350 394 414 458 esse
434 390 542 456 auimo
564 399 598 452 et
617 409 749 475 corpore
770 399 865 473 etque
891 382 1056 474 imprimis
1079 406 1153 450 cum
1171 395 1240 450 orat

120 498 232 566 Deum
249 496 407 573 revereri,
434 484 529 580 atque
551 511 680 554 omnem
695 491 966 575 intemperantem
985 488 1241 572 muliebremque

120 582 380 665 recordationem
406 612 451 658 ex
474 595 600 656 animae
619 592 791 676 praecipua
808 601 899 676 parte
917 592 1106 676 expellere3
1138 587 1242 652 ornari

122 720 202 765 vero
225 721 290 761 nou
305 678 343 758 in
356 697 448 758 tortis
463 693 600 757 crinibus
614 704 646 754 et
661 712 737 752 auro
752 702 785 753 et
798 691 977 772 margaritis
992 702 1049 753 aut
1062 692 1152 752 veste
1166 710 1243 775 pre-

120 802 220 878 tiosa,
246 796 301 861 sed
322 798 438 883 quibus
458 793 548 856 decet
567 794 736 855 mulierem
753 793 908 878 pietatem
923 792 1170 880 promittentem
1189 812 1244 852 or-

122 900 231 966 nari.”
276 896 424 984 Corporis
435 896 564 958 habitus
580 896 635 957 ille
648 895 796 958 omuibus
809 893 1079 982 praeponendus,
1102 912 1168 977 quo
1183 913 1243 954 ex-

120 1000 299 1066 tenduntur
322 1018 437 1060 manus
460 1009 492 1058 et
513 998 632 1058 sursum
658 995 741 1059 oculi
760 997 918 1057 tolluntur
941 996 998 1074 (ih.
1021 1005 1075 1059 31.
1098 1014 1132 1078 p.
1156 996 1239 1072 267).

122 1101 306 1185 „Genuum
325 1099 421 1160 etiam
435 1098 610 1160 flexionem
625 1097 828 1158 necessariam
842 1098 904 1158 else
918 1094 1083 1158 sciendum
1098 1096 1144 1156 est
1160 1097 1239 1174 (in),

41 1214 49 1231 ¹
123 1224 199 1265 enm
221 1203 275 1262 sua
291 1199 361 1284 quis
376 1196 462 1285 apud
477 1198 583 1262 Deum
598 1210 726 1284 peccata
742 1198 876 1282 supplex
892 1197 1093 1258 accusaturus
1115 1199 1181 1275 est,
1209 1207 1241 1258 ut

73 1322 75 1327 ·
102 1298 105 1303 ’
123 1304 329 1367 remittantur
350 1314 383 1362 et
402 1302 441 1361 ab
461 1303 508 1363 eis
528 1302 664 1363 sanetur.
674 1300 693 1332 ”
741 1296 910 1362 Orandnm
931 1298 976 1359 est
996 1300 1109 1360 versus
1133 1298 1241 1359 orien-

121 1412 208 1480 tem,
237 1403 372 1479 „anima
393 1401 461 1462 veri
481 1400 613 1463 luminis
631 1414 740 1465 ortum
759 1401 859 1464 veluti
876 1398 1093 1487 respiciente”
1116 1399 1178 1477 (ib.
1193 1408 1240 1464 32

122 1525 156 1591 p.
173 1506 262 1582 270).
312 1500 406 1587 Licet
423 1500 593 1586 aliquando
610 1502 732 1566 sedenti
751 1521 841 1566 orare
859 1513 990 1589 propter
1006 1501 1165 1561 morbum
1182 1520 1243 1586 pe-

82 1640 85 1644 ·
121 1599 202 1663 dum
222 1602 277 1662 vel
299 1602 395 1662 etiarn
410 1601 526 1681 jacenti
540 1617 673 1691 propter
686 1606 793 1668 febres
813 1616 845 1666 et
859 1600 1017 1683 ejusmodi
1032 1603 1170 1664 morbos
1186 1603 1240 1680 (ib.

122 1709 174 1766 st.
196 1723 229 1786 p.
245 1704 333 1780 267).
383 1700 421 1765 In
437 1703 569 1788 privatis
588 1705 720 1769 aedibus
737 1705 776 1785 (ti
792 1706 925 1791 spatium
940 1705 1002 1783 est)
1021 1715 1131 1765 certus
1148 1714 1182 1764 et
1194 1705 1244 1764 se⁴

121 1813 226 1864 cretus
248 1802 323 1881 eligi
342 1805 446 1887 potest
465 1803 570 1883 locus,
599 1828 663 1891 quo
682 1806 816 1894 quisque
837 1806 973 1891 quietior
993 1826 1029 1866 ac
1041 1804 1157 1866 minus
1176 1804 1242 1867 dis-

119 1906 239 1966 tractus
259 1916 406 1990 precetur
427 1905 484 1985 (ib.
498 1927 531 1994 p.
545 1910 643 1988 268>3
671 1908 760 1969 locus
778 1907 951 1993 aptissimus
967 1903 1107 1992 quidem
1127 1908 1174 1968 est
1188 1926 1242 1968 ec-

123 2005 216 2067 clesia
240 2007 295 2086 (ib.
312 2017 344 2068 et
359 2030 392 2094 p.
407 2019 485 2072 2692
522 2007 712 2086 „Credibile
730 2010 774 2070 est
789 2007 876 2069 enim
894 2006 1054 2086 angelicas
1067 2010 1242 2094 potestates

80 2160 88 2171 .
121 2105 322 2169 credentium
351 2108 494 2171 coetibus
515 2106 640 2187 adesse,
673 2109 834 2194 ipsiusque
862 2105 985 2170 domini
1008 2120 1042 2171 et
1069 2109 1241 2170 servatoris

117 2208 219 2271 'nostri
236 2208 411 2287 virtutem,
438 2208 506 2269 imo
529 2221 561 2271 et
572 2212 751 2272 sanctorum
763 2210 906 2295 spiritus,
932 2208 1048 2295 opinor
1062 2210 1168 2273 etiam
1181 2207 1241 2271 de·-

20 2326 28 2348 ‘
119 2309 368 2390 functorum”);
404 2309 511 2372 omnis
536 2321 646 2373 tamen
672 2311 760 2374 locus
781 2318 875 2396 aptus
898 2310 1038 2372 efficitur
1060 2311 1104 2372 ab
1126 2331 1166 2374 eo
1187 2308 1240 2397 qui

119 2423 207 2491 recte
222 2422 292 2473 orat
309 2413 367 2491 (ib.
382 2432 414 2495 p.
428 2411 518 2488 268).

71 2520 77 2537 ’
119 2528 122 2535 ·
204 2510 322 2574 Omnis
342 2525 450 2573 autern
469 2513 548 2574 haec
567 2498 707 2596 precatio
724 2522 852 2576 tantum
870 2532 944 2599 pars
964 2507 1063 2575 debet
1078 2512 1144 2576 esse
1167 2532 1240 2576 ma

115 2610 194 2692 ioris
202 2609 450 2693 Christianorum
463 2611 672 2695 precationis3
694 2634 769 2675 nam
783 2605 891 2676 πάντα
904 2607 962 2676 τὸν
973 2605 1050 2692 βίον
1062 2613 1128 2677 τοῦ
1142 2602 1239 2699 ἁγίου

88 2706 198 2797 ’μίαν
227 2705 478 2796 συναπτομένην
506 2703 654 2796 μεγάλην
679 2704 833 2795 εἴποιμεν
858 2703 955 2800 εὐχήν
986 2710 1049 2792 (de
1079 2728 1162 2783 orat.
1191 2731 1236 2784 ts

113 2816 264 2901 16216).
324 2808 512 2891 Quinetiam
539 2834 681 2877 omnes
716 2816 968 2899 christianae
999 2817 1117 2878 rita‘e
1147 2816 1237 2881 dies

113 2915 208 2977 sunt
228 2911 341 2975 festi.
397 2912 515 2990 „Festa
538 2913 626 2976 enim
646 2935 722 2978 vere
744 2918 800 2980 ille
822 2912 959 2981 celebrat
980 2921 1021 2998 (c.
1043 2914 1124 2981 Cels.
1142 2918 1235 2998 VIII,

102 3026 167 3080 21.
190 3035 222 3099 p.
243 3016 338 3093 758),
360 3013 414 3098 qui
431 3015 493 3076 suis
512 3015 626 3077 officiis
641 3017 801 3098 fungitur,
830 3021 885 3106 qui
900 3030 969 3082 orat
979 3031 1159 3105 perpetuo,
1182 3020 1236 3106 qui

113 3110 224 3178 Deum
243 3113 307 3175 suis
326 3112 506 3176 invocando
527 3116 672 3201 precibus
690 3120 871 3183 incruentas
892 3122 979 3183 nulla
999 3121 1234 3186 intermissione

112 3214 232 3301 bestias
247 3200 378 3277 offert.”'
428 3213 621 3293 „Perfectus
635 3217 830 3304 Christianus
848 3223 905 3301 (ib.
927 3226 951 3305 ξ.
968 3227 1054 3303 22),
1084 3224 1142 3309 qui
1157 3246 1236 3286 ver-

16 3384 21 3393 ,
111 3314 180 3394 bis,
206 3315 356 3401 operibus
374 3327 406 3379 et
420 3318 662 3397 cogitationibus
675 3341 748 3381 curn
763 3321 872 3382 Verbo
891 3320 954 3383 Dei
967 3323 1022 3385 suo
1035 3325 1153 3386 naturai
1170 3322 1234 3386 do-

111 3417 202 3478 mino
220 3417 377 3494 versatur,
411 3418 536 3505 semper
560 3419 656 3479 estin
677 3422 745 3498 ejus
768 3418 898 3501 diebus,
933 3424 1058 3511 semper
1078 3425 1146 3504 agit
1166 3424 1234 3489 dies

109 3512 297 3579 dominicas.
348 3515 414 3579 Sed
436 3531 470 3580 et
488 3521 543 3606 qui
561 3521 685 3605 semper
705 3523 864 3585 severam
883 3520 1036 3586 advitam
1051 3539 1234 3612 praeparat,

110 3621 168 3707 qui
187 3621 325 3682 abstinet
346 3619 385 3679 ab
401 3619 497 3697 hujus
515 3621 600 3682 vitae
622 3622 841 3710 voluptatibus
863 3625 979 3710 quibus
993 3627 1090 3688 multi
1105 3627 1235 3690 sallon-

110 3734 180 3803 tur,
210 3723 349 3807 quinon
371 3719 472 3781 carnis
490 3721 692 3804 prudentiam
711 3726 783 3804 alit,
810 3723 866 3789 sed
887 3745 1001 3813 corpus
1021 3727 1115 3788 suum
1136 3730 1235 3793 cas'ti-

111 3836 166 3907 gat
185 3834 218 3884 et
241 3823 276 3884 in
299 3821 484 3883 servitutem
508 3820 641 3903 redigit,
669 3826 708 3886 ab
728 3826 784 3887 illo
804 3826 929 3914 semper
943 3825 1118 3890 Parascere
1143 3834 1235 3895 cele-

22 3978 27 3985 .
110 3908 231 3989 bratur.
280 3920 313 3986 Is
331 3923 428 3985 etiam
449 3921 503 4007 qui
518 3925 634 4004 cogitat
649 3924 824 4003 Christum,
853 3922 938 4013 quod
954 3929 1234 4013 pascha'nostrum

111 4026 175 4104 est,
202 4024 407 4087 immolatum
421 4025 484 4085 esse
500 4035 533 4086 et
547 4023 770 4088 manducanda
784 4026 886 4089 Verbi
899 4048 994 4089 carue
1007 4030 1128 4092 festum
1143 4030 1232 4097 diem
1259 4070 1262 4078 ·

68 4192 86 4229 „
111 4125 166 4205 egi
184 4137 349 4211 oportere,
370 4125 494 4211 semper
506 4126 638 4213 pascha,
662 4126 751 4214 quod
764 4112 1117 4214 umatum‘ngu'ncu,
1141 4134 1231 4198 cele-
