2572 4770
134 255 209 325 862
260 268 264 277 “
415 304 418 309 .
463 240 552 333 cap.
568 237 642 309 ΙΙΙ.
693 234 924 325 Dogmtttiea.

133 429 192 509 (ib.
208 447 235 488 c.
250 429 302 490 st.
324 444 357 509 p.
371 427 428 501 oe)
443 432 501 485 aut
514 418 664 483 homines
677 414 747 481 Dei.
756 426 812 479 eut
826 413 997 479 Christiani
1013 424 1071 477 nut
1085 412 1246 500 spiritales

132 531 169 591 in
184 525 336 610 scriptura
348 521 654 602 cognotoinarnur‚'’
681 530 714 581 et
727 529 816 605 patet
831 518 943 595 simul,
970 539 1074 596 „cur,
1096 518 1248 578 nirniruru

133 629 176 689 oh
198 622 566 698 consubstantialitatem,
596 641 634 683 ea
652 638 733 705 quoe
753 618 870 681 elic'uhi
886 616 992 681 dicant
1011 619 1119 679 sacrae
1140 619 1248 680 literae

134 726 199 789 esse
225 725 340 809 petris,
373 723 451 783 olibi
475 720 581 783 dicant
600 726 663 783 esse
682 720 739 781 iiiii
759 732 815 781 eut
833 718 961 804 spiritus
980 719 1106 780 sancti”
1130 722 1180 797 (c.
1199 728 1247 783 25.

133 848 169 911 p.
184 828 251 904 67).
296 823 351 886 Est
370 822 458 883 enirn
477 811 558 905 ἁγία
572 818 629 884 καὶ
641 814 747 902 ceatur)
771 816 964 899 (adorando)
986 818 1044 883 καὶ
1059 812 1151 903 παρ’.
1162 810 1248 903 ἡμῶν

135 918 341 1006 δοξαζομὲνη
363 913 544 1002 ὃμοούσιος
565 914 663 1005 τριάς
689 923 732 998 (c.
754 926 805 985 54.
820 928 861 1005 'p.
879 922 965 1001 tos).
1023 916 1120 997 „Qui
1141 920 1201 999 (ΙΙ,
1224 934 1247 1000 t,

131 1034 200 1089 -tts
213 1025 294 1107 sqq.)
315 1026 532 1108 ternplumse.
544 1026 607 1085 esse
627 1021 753 1105 student
771 1022 972 1106 atiquatenus
990 1016 1128 1098 dignum
1144 1022 1247 1105 spiritu

131 1126 243 1190 taneto
254 1124 289 1185 in
297 1122 446 1187 fidelibus
454 1122 638 1204 -hottitante,
659 1126 770 1209 utpdte
786 1121 841 1208 qui
854 1121 1090 1181 illucescentem
1104 1120 1184 1204 ipsis
1198 1122 1247 1183 in-

133 1214 344 1289 scietubilem
360 1226 465 1287 lucem
477 1225 576 1285 semei
588 1226 786 1302 habuerunt,
812 1220 987 1306 aequaliter
1000 1220 1182 1309 glopisicant
1193 1243 1247 1285 eo-

86 1362 90 1371 ·
134 1322 277 1408 demque
296 1325 419 1387 honore
439 1326 688 1408 prosequuntur,
718 1326 796 1389 sicut
816 1320 965 1383 dominus
984 1320 1019 1381 in
1039 1322 1246 1399 mysticuba·

131 1424 244 1511 ptismi
258 1424 455 1487 institutione
467 1426 647 1509 praecepit,
668 1448 741 1487 cum
755 1422 932 1503 ingenitum
942 1418 1052 1481 Deum
1067 1440 1103 1481 sc
1118 1434 1245 1505 patrem,

130 1537 206 1587 tum
225 1525 287 1609 ipsi
304 1544 346 1587 cx
366 1526 432 1610 ipso
453 1526 680 1587 coexistentem
699 1525 900 1595 dilectumet
921 1520 1129 1600 unigenitum
1150 1524 1245 1589 srliurn

130 1620 299 1702 «Verbum,
325 1635 396 1687 turn
414 1627 857 1711 commemoratunrspiritum
873 1625 915 1701 s.,
945 1624 999 1707 qui
1018 1622 1106 1685 sulus
1119 1644 1166 1689 ex
1182 1627 1244 1701 ejus

132 1722 294 1809 hypostasi
317 1727 356 1788 eb
373 1740 505 1789 aeterno
525 1739 558 1790 et
574 1728 725 1789 continuo
740 1728 907 1812 processit3
935 1724 1244 1787 consubstantialitati

133 1824 267 1911 quidem
282 1828 432 1889 trinitatis
451 1826 550 1890 sidem
569 1851 634 1890 non
649 1826 861 1909 denegantes,
884 1822 1020 1887 modum
1036 1844 1115 1887 vero
1132 1845 1169 1887 ac
1181 1824 1241 1887 dis·

132 1926 255 1993 crimen
266 1929 482 2011 generationis
494 1941 528 1991 et
543 1931 827 2015 processionisnou
839 1924 1083 2003 investigantes3
1111 1922 1148 1985 id
1164 1926 1242 1987 enim

132 2024 189 2091 vel
213 2030 766 2093 coelestibus.Deo.ioservientibus
789 2028 994 2115 potestatibus
1017 2024 1168 2105 ignotum
1193 2029 1241 2105 est,

132 2126 295 2195 ineffabile
316 2128 409 2193 etad
431 2128 636 2210 cogitandum
657 2128 878 2209 formidabile3
903 2149 962 2189 nec
981 2122 1121 2189 modom
1137 2126 1241 2212 inqui-

132 2242 257 2309 rentes,
287 2253 351 2317 quo
373 2232 408 2293 in
425 2232 592 2316 semetipsa
615 2232 654 2293 nb
676 2232 806 2305 oeterno
826 2230 991 2293 substiterit
1008 2230 1117 2289 sancta
1139 2240 1171 2290 et
1184 2249 1240 2291 uno

131 2332 257 2416 semper
271 2330 451 2417 eodemque
464 2332 568 2397 modo
586 2334 619 2395 se
637 2334 759 2394 liabens
776 2331 917 2409 trinitas,
944 2348 1028 2415 quae
1043 2346 1087 2390 ex
1106 2342 1240 2409 aeterno,

131 2431 189 2493 ubi
207 2431 363 2511 considet,
392 2434 470 2494 sosio
488 2436 614 2514 abyssos
631 2434 808 2517 conspicere
820 2433 946 2517 potest,
974 2441 1009 2491 et
1020 2442 1132 2495 tacens
1142 2430 1242 2507 audiri

130 2540 165 2593 et
180 2540 319 2609 terentes
332 2530 462 2611 audire,
481 2546 515 2594 et
528 2552 609 2618 quae
623 2534 732 2593 sutura
746 2536 833 2612 sunt,
842 2570 846 2581 ·
855 2544 1027 2617 antequem
1039 2532 1137 2611 siant,
1159 2535 1242 2613 scire,

131 2642 168 2693 et
183 2633 282 2693 verbo
304 2629 476 2712 duntaxat,
503 2634 570 2696 irno
590 2635 688 2693 verbo
709 2634 801 2695 citius
822 2646 856 2695 et
872 2635 937 2695 sola
955 2634 1242 2725 voluntateorunia
1277 2640 1284 2707 J

129 2727 329 2821 producere,
356 2745 389 2795 et
410 2736 595 2819 priusquam
615 2733 650 2795 in
671 2731 765 2795 corde
786 2746 841 2797 tuo
856 2733 1035 2797 consideres
1050 2732 1130 2819 quid
1145 2748 1241 2821 petas,
1280 2740 1284 2817 s

130 2831 309 2897 dummodo
329 2832 468 2897 fideliter
483 2847 516 2897 et
531 2837 611 2914 juste
628 2846 735 2919 petas,
762 2820 866 2897 ¹stetim
883 2837 1041 2921 postulata
1059 2836 1242 2916 concedere,
1279 2842 1284 2869 ·’

129 2946 163 2996 et
182 2936 332 2999 omnibus
349 2948 476 3021 tempus
495 2936 534 2999 ad
553 2936 706 3000 beneficio
728 2935 774 2997 eis
792 2934 984 3027 conterenda
1001 2933 1191 3023 disponere,
1211 2950 1242 3002 et
1280 2932 1284 3067 p

127 3031 171 3107 ed
188 3034 272 3096 iram
289 3034 420 3119 quidem
440 3036 530 3099 tarda
546 3040 626 3113 esse,
654 3036 694 3099 ad
713 3034 977 3099 berresacienduru
990 3056 1069 3100 vero
1082 3052 1240 3127 prompta,

127 3146 160 3198 et
170 3134 259 3199 irasci
273 3136 403 3222 quidem
420 3140 462 3201 ob
475 3142 580 3202 nostre
596 3136 726 3217 delicte,
746 3158 885 3225 poenam
901 3150 1009 3201 autem
1023 3140 1240 3226 obproprium

126 3235 225 3321 ipsius
246 3237 475 3316 benignitatem
493 3237 682 3302 condonare.
730 3236 779 3301 Ac
798 3259 840 3301 ne
862 3237 944 3301 iliud
966 3236 1158 3324 quidetrriu
1176 3242 1239 3327 ipsa

124 3335 355 3421 comprehendi
370 3342 488 3424 potest,
514 3337 675 3425 quomodo
697 3351 730 3401 et
744 3359 843 3401 unam
858 3339 973 3399 habent
989 3340 1192 3405 voluntatem
1207 3352 1238 3403 et

120 3414 172 3509 ite
182 3436 332 3521 loquetur
342 3440 572 3525 largiaturque,
593 3451 630 3501 ut
646 3440 774 3525 loquela
789 3462 824 3501 ac
839 3438 965 3518 largitio
981 3439 1084 3502 tribus
1098 3442 1237 3526 personis

125 3537 307 3601 communis
333 3540 394 3619 tit,
427 3553 459 3605 et
489 3563 554 3603 non
580 3554 646 3603 tem
670 3542 789 3603 bonam
817 3561 988 3625 corporum
1013 3538 1235 3607 habitudinem

123 3639 261 3724 spectet,
289 3658 387 3723 quam
402 3642 505 3727 ipsurn
526 3642 697 3703 contritum
713 3661 775 3704 cor.
824 3640 957 3727 Insuper
970 3661 1013 3703 ne
1026 3641 1090 3707 hoc
1106 3644 1234 3729 quidem

121 3737 303 3815 intelligere
311 3739 410 3827 sicet,
434 3741 597 3827 quomodo
616 3744 680 3827 ipsa
696 3744 750 3804 vel
764 3742 933 3827 seraphicis
951 3744 1053 3806 oculis
1071 3744 1234 3809 invisibilis

122 3838 179 3915 sit,
204 3837 533 3924 incomprehensibilis
552 3845 681 3922 existat,
705 3845 828 3907 ratione
849 3854 903 3904 rut
916 3842 988 3905 loco
1001 3845 1073 3930 capi
1088 3858 1233 3933 nequeat,

121 3934 324 4011 individuam
345 3946 522 4026 potentiam
543 3947 677 4022 habeat,
713 3943 801 4025 tangi
821 3962 886 4005 non
905 3944 1014 4026 possit,
1051 3946 1231 4031 quantitatis

122 4038 314 4123 expernit,
343 4042 576 4127 profunditate,
605 4042 773 4107 latitudine
794 4055 827 4107 et
844 4044 949 4105 forme
972 4058 1095 4127 comat,
1128 4046 1230 4111 omnis

121 4134 282 4231 moret,
302 4143 417 4230 ,omna
432 4144 540 4215 audiet
553 4158 587 4212 et
598 4147 747 4213 emutuit
759 4147 832 4235 spes
847 4144 940 4209 ineo
955 4144 1015 4213 sita
1025 4148 1084 4225 sit,
1105 4169 1142 4213 ac
1155 4164 1227 4213 coe-
