2572 4770
555 240 736 332 Origenes.
1103 247 1175 317 433

63 424 216 507 magaun'r
240 421 333 487 nobis
355 441 398 486 ex
420 419 482 484 hoc
503 416 634 508 aliquod
656 429 825 509 quaeratur
845 422 984 504 bonum,
1014 420 1179 504 judicandi
1258 405 1265 415 ⁹

63 530 161 591 finnus
178 523 264 612 quasa
283 522 404 586 inimici
424 521 566 606 ejusqui
584 522 645 584 ait:
682 523 751 604 Ego
769 521 838 585 sard
853 521 1010 602 veritae„
1051 523 1177 609 Aperte

62 630 142 691 haec
160 624 316 705 Origenes
337 618 404 685 non
420 618 501 683 dixit
522 619 562 684 de
577 619 744 685 mendacio
758 620 844 707 quod
859 623 948 684 seusu
964 624 1107 687 strictiori
1122 623 1178 689 di-

64 729 181 803 cimus,
207 721 261 787 sed
278 722 319 787 de
333 721 531 806 falsiloquio,
561 720 602 784 de
620 745 683 810 quo
696 724 912 803 Hieronymo,
942 722 1186 805 chrysostomos
1247 779 1256 799 ,

64 829 207 893 Cassiano
227 823 314 888 idem
331 821 402 885 fere'
417 823 520 884 visum
538 823 583 884 est
601 822 688 909 quod
705 820 841 902 Origeni
864 821 944 904 (vid.
965 826 1061 889 Huet.
1082 827 1104 890 1.
1124 827 1174 906 l.).

62 929 191 1016 Spectat
209 926 306 989 etiam
329 921 368 987 ad
383 923 464 984 hanc
476 923 710 1008 quaestionem,
739 922 842 1010 quod,
871 935 907 986 ut
919 926 1011 1012 supra
1023 925 1183 1009 vidimus,

63 1030 236 1110 Origenes,
261 1025 444 1090 lichenas
465 1044 578 1087 verum
595 1045 709 1110 corpus
730 1047 796 1088 non
810 1025 983 1109 habuisset,
1011 1025 1045 1092 id
1060 1027 1176 1105 Christi

62 1129 140 1194 ssdei
153 1129 337 1215 repugnasse
354 1137 458 1206 negat.

146 1228 220 1310 Qua
242 1228 364 1291 ratione
388 1245 462 1307 erga
486 1225 733 1311 potestatem
760 1227 926 1292 civilem
955 1228 1085 1310 (scilicet
1105 1240 1176 1294 tum

61 1333 214 1419 temporie
234 1329 369 1410 gentiles
388 1325 812 1413 imperabant)‚Clrristianus
826 1332 889 1392 sese
905 1342 1009 1411 gerat,
1037 1328 1078 1395 ad
1091 1331 1175 1396 hanc

62 1433 277 1519 quaestionem
297 1429 343 1491 ita
362 1430 431 1491 iere
451 1428 555 1490 noster
574 1425 758 1512 respondet:
801 1431 900 1511 „Non
923 1429 1087 1494 seditionis
1107 1451 1176 1495 vox

61 1538 107 1595 el't
126 1529 212 1618 apud
225 1552 298 1610 eos,
327 1529 381 1613 qui
395 1575 403 1590 .
419 1576 426 1591 .
447 1525 592 1612 pluribus
608 1525 748 1592 dominis
761 1531 877 1594 servire
891 1533 1021 1612 nolunt,
1050 1543 1085 1594 et
1097 1532 1176 1619 qui-

59 1634 120 1696 bus
134 1644 300 1719 propterea
313 1628 385 1691 satis
401 1630 445 1690 est
459 1626 706 1692 dominusJesus
715 1630 871 1712 Christus,
890 1634 946 1720 qui
961 1653 1018 1717 per
1033 1629 1175 1696 seducet

60 1755 117 1797 eos
141 1735 195 1819 qui
215 1732 273 1818 ipsi
293 1727 448 1805 serviunt,
477 1736 514 1788 ut
533 1724 676 1791 eruditos
689 1728 760 1792 Deo
780 1743 813 1793 et
831 1722 913 1817 patri
926 1731 1048 1812 nodat,
1071 1735 1174 1796 factos

59 1856 194 1915 regnum
207 1831 279 1895 Deo
297 1826 440 1908 dignum.
491 1824 557 1890 Sed
575 1839 607 1889 et
621 1829 652 1890 se
667 1830 830 1910 segregant
844 1845 877 1895 et
893 1834 1037 1919 separant
1057 1837 1097 1896 ab
1115 1834 1173 1915 eie,

59 1936 115 2021 qui
134 1955 152 1995 a
175 1932 301 1995 civitate
318 1928 381 1992 Dei
400 1928 497 1990 alieni
511 1930 582 1990 sunt
603 1939 636 1990 et
657 1949 675 1990 a
692 1929 876 1995 foederibus
888 1937 958 2011 ejus
974 1934 1108 2017 exclusi,
1136 1945 1175 1997 ut

59 2035 175 2098 scilicet
192 2031 280 2118 quali
292 2031 454 2094 coelorum
467 2029 553 2093 cives
567 2030 707 2092 vivant”
729 2034 768 2113 (c.
784 2029 970 2112 colevill,
987 2047 1014 2119 5¹.
1035 2056 1067 2120 p.
1084 2037 1172 2114 747).
1227 2068 1232 2075 ·

59 2135 170 2215 „Cum
190 2133 272 2194 duae
293 2131 468 2210 generatim
486 2130 548 2194 sint
561 2132 649 2211 leges
667 2133 724 2210 (ib.
739 2132 783 2212 V,
798 2144 849 2200 87.
869 2158 899 2220 p.
916 2139 1013 2216 605),
1039 2118 1174 2198 naturae

58 2237 159 2298 altera
188 2235 276 2312 cujus
297 2230 388 2293 Deus
413 2243 538 2309 auctor,
574 2233 672 2293 altera
696 2233 827 2299 urbibus
848 2237 961 2324 scripto
988 2234 1080 2317 data3
1116 2233 1175 2299 ubi

56 2335 168 2422 scripta
189 2332 318 2395 divinae
342 2329 629 2410 nonadvertatur,
657 2335 748 2396 illam
773 2333 865 2397 decet
884 2356 903 2397 a
919 2337 1042 2401 civibus
1061 2337 1174 2398 obier-

56 2437 127 2501 vari
149 2447 181 2498 et
197 2435 318 2514 legibus
333 2432 450 2494 exteris
465 2432 633 2518 anteponi3
662 2433 717 2497 sed
737 2436 792 2497 uhi
806 2435 938 2522 scriptae
956 2437 1018 2518 legi
1034 2437 1090 2499 lex
1109 2458 1174 2499 na-
1214 2474 1217 2479 ·

56 2546 148 2601 tura'e
167 2537 200 2598 h.
217 2555 245 2598 e.
269 2532 334 2595 Dei
355 2532 509 2594 contraria
530 2533 700 2619 praecipit,
733 2535 808 2598 vido
829 2557 871 2597 an
890 2558 957 2599 non
977 2538 1057 2599 ratio
1082 2537 1173 2616 velit,

55 2652 93 2702 ut
106 2637 226 2723 scriptis
244 2634 366 2713 legibus
378 2633 485 2694 valere
499 2634 603 2710 juliis,
631 2635 797 2721 spretaque
814 2635 1029 2713 legislatorum
1049 2640 1174 2700 volun-

54 2753 137 2820 tate,
164 2737 221 2800 suli
237 2734 309 2798 Deo
328 2732 502 2811 legislatori
524 2746 689 2815 pareatur,
718 2747 750 2797 et
766 2756 807 2795 ex
822 2738 891 2813 ejus
902 2737 1092 2821 praescripto
1105 2739 1173 2800 vita

56 2849 284 2926 componatur,
320 2832 442 2896 etiamst
466 2828 501 2892 id
527 2832 702 2895 facientem
724 2835 883 2920 pericula,
920 2835 1045 2897 labores
1068 2838 1171 2899 inuu-

55 2942 154 3019 meri,
174 2958 278 3014 mors,
298 2931 472 3013 ignominia
483 2934 682 2994 1nanerent.''
724 2934 819 3012 „Nos
830 2933 996 2997 Christiani
1010 2937 1068 3016 (ib.
1084 2934 1169 3021 ᾗῖ4ο.

53 3068 87 3132 p,
103 3044 197 3121 609),
226 3037 281 3124 qui
299 3037 406 3127 legem
422 3032 741 3126 agnoscimusnatura
756 3035 901 3096 omnium
915 3056 1025 3114 regem
1041 3048 1074 3098 et
1088 3055 1171 3121 (patae

55 3142 170 3210 eadem
183 3142 228 3204 est
240 3134 397 3207 andivina
410 3133 486 3208 tex,
505 3129 545 3193 ad
558 3132 648 3193 illam
662 3133 790 3213 exigere
804 3155 910 3215 mores
924 3156 1092 3215 conamur,
1115 3147 1171 3198 at-
1189 3188 1198 3197 .

55 3266 116 3334 que
144 3241 225 3305 adeo
250 3241 339 3320 leges
358 3236 473 3321 impias
493 3233 691 3311 rejicimusst’
748 3233 902 3313 „Scimus
924 3238 1013 3300 enim
1038 3236 1095 3313 (ib.
1117 3245 1168 3303 32.

52 3373 85 3437 p.
104 3349 180 3430 601)
204 3344 255 3406 las
281 3341 344 3403 esse
365 3338 452 3416 leges
473 3332 638 3412 regionum
659 3336 698 3395 ab
719 3334 811 3397 initio
831 3338 1015 3399 constitutas
1034 3335 1167 3415 violare,

52 3449 156 3534 iisque
178 3447 263 3525 leges
283 3440 440 3503 anteferre
455 3435 696 3522 praestantiores
713 3454 748 3496 ac
762 3432 955 3516 diviniores,
984 3454 1061 3520 quas
1076 3434 1167 3498 Jesus

53 3559 89 3627 ut
113 3544 274 3634 potentior
296 3530 427 3603 sancivit
448 3535 534 3616 (Gal.
547 3532 575 3613 I,
591 3541 633 3614 43
658 3549 672 3601 l
690 3534 761 3598 Cor.
776 3533 819 3615 ll,
838 3540 872 3616 6)
887 3587 896 3603 .
911 3563 939 3618 .;
962 3544 1069 3597 contra
1087 3556 1165 3599 vero

51 3649 193 3735 impium
208 3646 271 3709 esse
289 3663 354 3705 non
367 3642 399 3702 se
411 3639 461 3702 illi
473 3638 642 3716 subjicere,
665 3638 719 3724 qui
735 3637 868 3699 sanctior
879 3635 1056 3721 fortiorque
1071 3634 1166 3721 prin-

52 3751 175 3836 cipibus
188 3744 336 3810 omnibus
350 3753 459 3828 aperte
473 3740 558 3801 visus
570 3737 645 3800 elt.'’
681 3736 821 3822 „Neque
834 3735 922 3800 enim
936 3733 1104 3801 absurdum
1118 3737 1165 3798 est

54 3852 112 3931 (ih.
127 3849 153 3927 I,
169 3862 197 3915 1.
219 3868 251 3932 p.
268 3846 344 3923 320)
363 3838 492 3902 loedere
506 3851 613 3902 contra
629 3839 716 3919 leges
728 3838 810 3899 inire
826 3837 968 3903 veritatis
981 3832 1165 3901 defenden-

53 3948 116 4012 dae
134 3946 259 4013 causa.”
308 3941 417 4022 (Quae
435 3943 465 4002 h.
482 3940 501 4003 l.
521 3943 586 4017 jam
607 3941 798 4024 sequuntur:
834 3936 950 4018 „Sicut
967 3932 1053 3997 enim
1071 3935 1166 4021 liqui

52 4050 136 4113 elem
150 4047 280 4113 foedera
295 4045 378 4106 iuter
392 4044 422 4102 se
440 4042 574 4120 inirent,
596 4051 633 4102 ut
646 4052 817 4121 tyrannum
830 4039 941 4101 urbem
955 4033 1162 4099 invadentem
1229 4041 1233 4049 '

51 4144 194 4216 emedio
209 4149 374 4246 tollerent,
398 4141 448 4207 illi
467 4151 552 4208 recte
566 4137 885 4300 teremut’'E(leilicet
898 4156 941 4203 ex
955 4138 1082 4203 suorum
1095 4134 1166 4201 ho·

768 4256 788 4301 e
