2572 4770
391 124 581 229 Dionyfiue
606 120 854 220 (Urcologia).
1130 138 1206 207 m

51 296 57 304 ⁸
93 305 168 395 quit
190 316 230 371 ut
253 308 313 371 iux
339 328 405 370 non
429 308 579 372 lucent..
603 309 757 377 ‚Deus
779 320 889 374 autem
913 306 1058 375 aeterna
1069 312 1130 377 lux
1149 315 1209 395 en,

92 429 179 496 quae
200 429 305 494 neque
322 407 457 494 incepit,
484 430 590 495 neque
605 408 731 472 deiicret
723 432 901 527 unquam.
944 411 1008 497 Ipfi
1021 433 1097 492 ergo
1110 434 1210 498 pree-

93 512 200 588 lucet,
227 508 284 573 καὶ
304 502 453 572 σύνεστιν
471 503 562 593 αὑτῶ
581 503 621 573 τὸ
639 501 732 577 ἅπαν
734 530 845 594 γασμα
864 499 1005 595 ἄναρχον
1021 533 1078 573 και
1093 502 1208 595 ἀειγε-

66 608 69 617 ’
92 612 164 688 νὲς,
193 603 464 696 προφαινόμενον
484 602 629 674 αὐτοῦ..
681 611 788 675 Cum
784 631 859 691 ergo
879 624 1028 674 aeternus
1049 612 1088 674 fit
1103 624 1206 698 pater,

93 725 245 775 aeternus
261 714 306 773 eit
328 724 360 774 et
375 712 477 785 filiun,
503 712 615 774 lumen
630 708 671 775 de
686 711 821 776 lumine.
858 700 1039 785 ’Όντος
1000 734 1065 796 γαρ
1084 707 1208 797 γονέως

91 804 169 878 εστι
191 811 247 875 καὶ
264 809 388 879 τέκνον,
432 810 467 874 Si
481 824 588 874 eutem
604 813 710 897 proles
725 834 790 875 non
804 814 866 892 est,
893 811 1057 899 quomodo
1071 825 1105 875 et
1116 817 1208 891 cujus

90 916 195 1002 potest
213 917 260 976 osi
258 937 276 976 e
290 909 439 994 genitor?
465 912 569 999 Atqui
582 914 676 974 ambo
692 914 762 976 sunt
776 926 808 975 et
820 916 944 998 semper
959 916 1069 979 funt..
1119 907 1207 979 Mo'-

91 1035 151 1090 νος
166 1004 239 1079 δὲ
224 1036 243 1076 ο
259 1035 332 1089 νιος
349 1007 402 1077 ἀεὶ
416 1007 522 1076 συνὼν
539 1032 586 1095 τῳ
606 1008 728 1094 πατρὶ,
753 1011 884 1077 καὶτοῦ
899 1001 1208 1104 όντοςπληρούμαο
1237 1044 1250 1063 =

48 1174 53 1183 .
93 1135 167 1190 νος,
192 1111 248 1177 καὶ
265 1105 363 1189 αὐτός
378 1104 525 1190 ἐστιν,
507 1104 553 1175 uir
548 1106 832 1198 ’ἕκτοῦπατρός
841 1116 860 1149 ”
909 1114 1026 1203 „Deus
1043 1119 1109 1201 (ap.
1121 1115 1205 1181 Aah.

94 1238 121 1279 r.
140 1227 190 1282 23.
212 1238 243 1300 p.
259 1218 337 1295 259)
360 1217 405 1277 eit
424 1216 498 1278 fons
518 1217 676 1277 bonorum
690 1219 845 1280 omnium.
891 1215 993 1278 Filius
1007 1236 1085 1278 vero
1102 1214 1207 1285 ‹lictue

93 1318 141 1378 ert
168 1315 287 1380 fluvius
314 1307 379 1382 ὑπ’
403 1318 498 1395 (fort.
524 1306 588 1377 ἀπ’
608 1351 653 1364 -
670 1315 814 1396 Routh.)
841 1308 945 1379 αὐτοῦ
968 1309 1206 1402 προχεόμενος.
1266 1332 1268 1336 “

92 1418 238 1482 Verbum
258 1419 377 1504 quippe
396 1420 441 1479 eit
461 1416 580 1478 meutie
602 1418 761 1479 emanatio
783 1408 969 1502 (ἂπόρροια
985 1416 1079 1495 νοῦ),
1098 1426 1209 1495 et„ut

91 1519 234 1582 humano
249 1540 338 1581 more
352 1520 478 1604 loquer,
504 1537 546 1579 ex
558 1514 653 1578 corde
671 1538 729 1602 per
743 1538 779 1581 oe
797 1520 962 1581 emittitur.
1006 1518 1100 1583 Mens
1115 1520 1208 1597 ποιοῖ

92 1641 175 1707 quae
187 1640 245 1706 per
261 1620 406 1697 linguam
418 1616 555 1702 promit,
583 1619 704 1680 aliaest
720 1639 739 1680 a
751 1620 869 1697 verbo,
892 1616 977 1703 quod
991 1639 1048 1705 per
1062 1620 1207 1700 linguam

90 1723 212 1809 profilit
229 1721 290 1782 alia
305 1721 350 1782 est
364 1716 595 1803 everbequod
613 1720 646 1779 io
661 1717 755 1780 eorde
769 1718 895 1794 existit„
930 1720 1000 1781 Hoc
1012 1720 1100 1782 enim
1115 1722 1209 1805 posta

92 1845 189 1910 quam
205 1822 295 1883 illam
315 1818 476 1904 praemifit
497 1815 755 1902 (προπέμψας),
784 1830 948 1898 remanet,
978 1821 1087 1903 estque
1109 1820 1207 1905 quale

91 1934 185 1986 antea
203 1932 287 2000 erat3
316 1920 371 1980 itta
384 1939 463 1979 vero
475 1919 642 2003 praemitte
659 1919 766 1981 avolat
781 1930 814 1982 et
827 1922 1072 2005 circumquaque
1085 1919 1207 1999 fertur}

93 2020 152 2087 καὶ
170 2015 279 2095 οὕτως
297 2015 387 2084 ἐστὶν
407 2010 567 2104 ἑκάτερος
586 2013 622 2082 ἐν
640 2010 805 2106 ἑκατέρῳ,
842 2014 957 2105 ἕτερος
976 2010 1021 2083 ὢν
1035 2013 1207 2103 nectunt

92 2121 151 2185 καὶ
170 2115 206 2184 ἓν
228 2113 329 2195 εἰσιν,
351 2109 450 2196 ’ὄντες
473 2112 544 2185 δύο.
586 2113 674 2184 οὕτω
694 2116 835 2207 γὰρκαὶ
856 2108 1004 2207 ὃπατῆρ
1022 2118 1081 2185 καὶ
1099 2112 1208 2195 ovino

89 2215 144 2297 ἓν,
181 2219 238 2284 καὶ
258 2215 292 2284 ἔν
317 2211 478 2304 ἀλλήλοις
502 2214 688 2306 ἐλέχθησαν
705 2209 837 2285 eirca*
875 2222 1016 2307 „Neque
1034 2233 1126 2307 pater
1147 2222 1208 2302 (ibe

90 2346 117 2386 c.
137 2334 186 2389 17.
209 2344 240 2408 p.
256 2325 349 2400 254),
381 2340 443 2407 qun
462 2332 554 2406 pater
567 2322 629 2400 eit,
656 2322 756 2384 atrio
773 2322 905 2385 alienari
919 2326 1037 2409 potest3
1066 2343 1142 2385 nam
1158 2323 1207 2401 117

88 2424 148 2491 lud
172 2444 291 2486 nomen
316 2423 406 2484 cause
433 2424 480 2483 eit
503 2419 638 2485 evidere
657 2424 881 2485 cohaerentiae
901 2435 933 2485 et
955 2424 1208 2504 conjunctiouiep

89 2546 196 2613 neque
220 2515 308 2587 filius
322 2545 345 2597 a
355 2535 446 2609 patre
459 2524 620 2607 separatur
628 2546 644 2605 3-
665 2525 727 2586 hoc
748 2544 888 2611 namque
901 2526 1095 2587 vocabulum
1114 2536 1208 2612 peter

91 2625 414 2689 communicationem
438 2620 596 2684 indicet.”
651 2624 756 2703 „Vite
775 2629 817 2707 (c.
843 2639 891 2692 18.
914 2647 945 2711 p.
969 2628 1046 2707 25⁶)
1076 2645 1119 2688 ex
1137 2615 1240 2713 νὴ..χ

89 2729 196 2808 genita
222 2728 283 2806 eit,
312 2719 626 2811 quemadmodum-e
650 2725 740 2785 sonte
758 2725 881 2789 flumen
901 2727 1082 2807 emanavit,
1109 2736 1143 2788 et
1162 2745 1208 2790 ex

88 2829 278 2893 inexstincto
296 2824 419 2886 lumine
434 2818 638 2908 splendidum
657 2823 768 2886 lumen
785 2830 949 2890 accensum
964 2828 1046 2893 eit.”
1087 2875 1107 2909 ,‚
1115 2827 1208 2893 Sicut

88 2952 182 2994 mens
207 2926 313 3011 (νοῦς)
332 2926 435 2985 nostru
458 2924 501 3000 (c.
524 2933 575 2988 νβ.
596 2944 628 3009 p.
649 2930 727 3008 259)
747 2941 907 2992 eructata
929 2934 960 2992 se
982 2931 1048 3019 ipfn
1067 2934 1205 2995 verbum

88 3035 197 3119 estque
226 3041 398 3111 utrumque
426 3025 563 3086 alterum
590 3028 629 3089 ab
654 3028 771 3106 altero,
804 3030 970 3114 proprium
994 3044 1029 3095 et
1054 3035 1094 3103 ab
1119 3037 1213 3105 urea.

87 3155 125 3196 ro
142 3131 337 3214 ,distinctum
362 3126 512 3215 obtinens
538 3124 664 3205 iocum,
697 3149 772 3190 eum
796 3127 877 3190 iliud
904 3129 1036 3217 quidem
1066 3137 1102 3197 iu
1128 3156 1213 3200 cor-⁴

88 3232 146 3312 de,
183 3230 266 3297 istud
285 3248 363 3293 vero
384 3229 417 3290 in
440 3226 549 3307 lingua
575 3220 616 3291 et¹
634 3250 689 3292 ore
714 3243 930 3295 commoretur
959 3247 991 3298 et
1016 3247 1212 3317 moventur?

87 3328 197 3420 neque
217 3344 325 3394 tamen
341 3331 426 3393 iuter
438 3330 470 3393 ie
490 3327 622 3407 distann
650 3341 706 3392 eut
725 3331 758 3392 ie
771 3331 911 3397 invicem
924 3335 1108 3421 priventu13
1138 3356 1213 3403 net-⁴·

88 3455 258 3522 quomens
275 3435 341 3495 [ine
354 3432 453 3495 verbo
466 3433 527 3511 est,
550 3452 655 3518 neque
666 3435 802 3496 verbum
816 3433 881 3497 ime
894 3426 1020 3508 mente,
1041 3432 1095 3496 fed
1109 3432 1213 3501 melier

86 3537 224 3601 verbum
243 3533 321 3597 facit
341 3547 373 3597 et
390 3534 425 3597 iri
445 3529 512 3621 ¹ipio
531 3528 680 3621 apparet,
709 3553 745 3596 ac
758 3535 893 3597 verbum
912 3537 1045 3598 exhibet
1057 3549 1204 3603 mentem

86 3640 122 3703 in
135 3658 198 3725 qua
211 3640 333 3699 factum
348 3637 402 3699 eit.
426 3630 432 3642 ’
449 3635 491 3699 Et
506 3656 599 3700 meus
618 3632 749 3721 quidem
770 3636 815 3696 eit
828 3638 914 3721 quati
927 3638 1062 3699 verbum
1079 3638 1209 3703 imme-³

88 3760 185 3818 nene,
206 3741 342 3801 verbum·
355 3757 432 3800 vero
448 3756 540 3800 mens
552 3734 728 3822 profitiene.
773 3736 867 3800 Mens
881 3738 913 3799 in
926 3740 1062 3800 verbum
1076 3742 1211 3823 nonsit(

88 3842 222 3905 verbnm
244 3852 353 3902 autem
373 3838 569 3901 mentem-tn
584 3837 818 3902 circumstanter
830 3836 990 3901 auditores
1003 3841 1211 3925 transmittit,-

86 3945 195 4029 ficque
213 3962 305 4005 mene
327 3960 385 4027 per
400 3940 534 4003 verbum
554 3938 588 3999 in
608 3934 790 4002 auditorum
812 3939 930 4001 animis
946 3936 1078 4021 infidet,
1105 3942 1202 4007 timul

86 4044 226 4127 ingresse
242 4064 316 4108 cnm
335 4042 453 4109 verbm.
492 4038 660 4141 rec-mene
680 4038 812 4128 quidem
831 4040 882 4107 eit,
894 4040 983 4126 quefi
1001 4053 1093 4130 pater
1109 4044 1210 4117 vomu
