2572 4770
513 242 697 335 Origenes.
1107 252 1156 321 n

72 428 359 495 dlirmamentum
380 438 414 489 et
434 428 563 489 coelum
583 444 782 510 corporeum.
833 423 874 489 Et
896 425 970 490 ideo
985 427 1065 491 illud
1080 430 1157 519 qut-
1255 474 1259 485 .

72 553 117 597 un
128 531 273 618 primurn
286 527 428 603 coelum,
454 527 609 610 spiritale,
636 547 728 587 ruens
740 528 842 587 noltra
857 532 919 603 elt,
949 550 1030 614 quae
1046 543 1079 592 et
1092 532 1157 618 ipit

71 633 171 697 initur
189 632 235 694 eu
250 631 273 693 i.
293 650 323 693 e.
344 628 491 712 spiritalia
503 629 601 688 horno
617 629 722 688 noster
734 627 866 688 interior
879 631 939 707 eit,
959 632 1013 715 qui
1024 631 1114 695 videt
1125 646 1159 698 et

71 734 193 820 eripicit
207 731 333 806 Deum,
355 726 453 791 lsra'el
469 741 576 790 autern
591 729 753 812 corporale
772 731 914 806 coelum,
943 730 1029 815 quod
1045 734 1160 797 firma-

71 846 193 899 rentum
210 831 340 908 dicitur,
370 830 510 891 exterior
532 832 635 890 notter
654 831 752 889 homo
766 831 828 907 eit,
856 831 911 915 qui
924 854 1052 916 corpora
1067 837 1159 901 aliter

71 948 197 1001 rtuetur.
240 933 331 998 Sicut
342 951 418 1010 ergo
431 931 672 992 firmamentum
684 931 809 991 coelum
822 933 1017 1017 appellatum
1032 938 1093 1016 est,
1115 957 1160 1003 ex
1264 958 1267 967 ·

71 1034 191 1125 >quod
212 1032 337 1098 dividat
354 1034 438 1093 inter
459 1052 512 1094 eas
531 1050 644 1115 aquas,
673 1050 755 1114 quae
773 1032 845 1093 funt
862 1034 956 1117 luper
978 1037 1098 1121 ipsum,
1125 1052 1159 1105 et

71 1160 114 1218 rs,
140 1156 224 1224 quae
243 1135 315 1196 sunt
332 1135 388 1195 iub
406 1133 490 1218 ipio;
518 1132 563 1192 itu
584 1143 617 1193 et
634 1132 750 1210 homo,
771 1136 873 1218 quiin
890 1155 1022 1221 corpore
1038 1141 1160 1225 politur

71 1243 104 1319 t,
130 1240 158 1302 fi
179 1235 326 1298 dividere
343 1235 485 1321 potuerit
503 1245 537 1295 et
550 1231 746 1311 discernere,
767 1256 850 1319 quae
862 1238 923 1298 lint
936 1256 1053 1321 aquae,
1076 1264 1160 1327 quae

70 1352 103 1403 nt
114 1337 296 1424 superiores
309 1337 402 1420 luper
415 1336 652 1397 firmamentum
667 1345 699 1394 et
711 1355 791 1419 quae
807 1337 862 1396 iub
876 1336 1076 1402 firmamento
1088 1344 1160 1425 lint,

70 1442 143 1504 tiam
156 1439 223 1524 ipse
239 1436 366 1499 coelum
381 1436 404 1500 i.
419 1455 447 1498 e.
462 1434 606 1497 coelestis
619 1436 718 1497 homo
736 1436 965 1520 appellabitur,
985 1441 1161 1511 fecundum

70 1540 136 1604 auli
154 1539 345 1603 sententiam
362 1534 501 1621 Philipp.
516 1535 576 1614 Ill,
591 1551 641 1601 20.
690 1534 824 1598 Student
842 1558 917 1619 ergo
940 1546 1161 1633 unusquisque

70 1645 187 1705 nitrum
207 1637 324 1702 divisor
343 1657 443 1722 aquae
464 1635 546 1699 effici
567 1640 653 1716 ejus,
683 1636 765 1722 quae
790 1640 835 1700 eft
852 1639 943 1723 supra
963 1654 996 1705 et
1013 1665 1095 1728 quae
1115 1652 1162 1713 est

70 1745 172 1821 tbtua;
201 1760 264 1825 quo
284 1738 400 1800 scilicet
421 1736 568 1822 spiritalis
586 1758 687 1823 aquae
701 1739 899 1800 intellectum
911 1752 943 1802 et
957 1746 1161 1834 participium

70 1843 176 1932 rpieus
189 1843 276 1919 ejus,
298 1860 379 1925 quae
392 1842 439 1900 el't
450 1839 542 1923 supra
558 1840 814 1916 firmamentum,
843 1838 977 1903 {lumina
990 1844 1030 1907 de
1048 1861 1162 1914 ventre

69 1966 101 2008 to
128 1940 246 2005 educet
269 1960 370 2026 aquae
399 1939 495 2000 vivae
518 1940 659 2002 salientis
681 1941 716 2001 in
746 1939 846 1999 vitum
876 1952 1038 2007 aeternam
1072 1949 1162 2026 (ioh.

69 2044 122 2124 l11,
137 2048 213 2124 38),
238 2044 420 2122 segregatus
430 2041 498 2102 line
513 2036 612 2100 dubio
629 2051 662 2100 et
675 2040 835 2124 separatus
848 2042 888 2100 ab
902 2061 940 2102 ea
953 2066 1051 2130 aqua,
1079 2034 1175 2135 quau¹

69 2148 156 2209 ubtur
168 2145 231 2223 eit,
252 2145 274 2207 i.
289 2163 318 2208 e.
333 2161 415 2227 aqua
431 2141 546 2221 abyl'fi,
575 2141 608 2201 in
622 2160 684 2225 qua
698 2142 849 2202 tenebrae
861 2144 924 2203 elle
938 2142 1101 2229 dicuntur,
1127 2152 1165 2217 in

69 2265 111 2332 pue
129 2246 279 2333 princepe
299 2244 395 2321 hujus
415 2239 530 2303 mundi
549 2253 582 2303 et
602 2241 799 2304 adversarius
817 2240 911 2305 draco
930 2258 962 2306 et
975 2251 1080 2329 angeli
1094 2246 1165 2332 eiua

70 2349 203 2412 abirent.
218 2395 226 2410 .
241 2393 249 2409 .
278 2341 314 2405 Si
326 2344 414 2404 euim
425 2364 523 2428 aquae
538 2345 619 2421 illas,
634 2364 716 2428 quae
729 2345 800 2407 lunt
811 2346 866 2406 iub
878 2346 978 2427 coelo,
992 2371 1057 2412 non
1068 2353 1165 2440 lepu-

69 2448 226 2515 rverimus
246 2445 389 2523 anobis,
409 2445 432 2506 i.
446 2464 475 2508 e.
496 2459 624 2530 peccata
645 2458 677 2508 et
695 2444 774 2506 vitia
790 2447 930 2533 corporis
942 2452 1054 2532 nostri,
1076 2454 1165 2521 arida

69 2552 155 2615 oltra
175 2569 242 2611 non
260 2547 377 2634 poterit
393 2566 562 2632 apparere,
591 2567 650 2609 nec
669 2548 788 2608 habere
804 2544 955 2610 fiduciam
970 2552 1166 2635 procedendi

69 2648 222 2715 dlucem.
232 2696 252 2727 „
298 2645 354 2710 Ad
369 2645 482 2711 Genel.
498 2647 525 2724 I,
541 2662 597 2714 10:
625 2647 787 2711 ”Vocuvit
798 2645 890 2711 Deus
910 2650 1032 2715 aridam
1045 2667 1165 2722 terrum

69 2753 185 2835 tjubet
197 2762 316 2813 terram
330 2749 446 2833 ipl'um,
468 2750 520 2810 cui
533 2752 599 2836 iple
611 2752 672 2812 hoc
685 2769 804 2811 nornen
818 2747 964 2830 indultit,
989 2754 1166 2840 producere

68 2862 182 2916 ructus.
199 2897 233 2916 ..
282 2849 420 2913 Aridum
439 2849 529 2913 Deua
551 2850 724 2936 appellavit
740 2861 859 2911 terram
880 2873 938 2936 pro
959 2873 1015 2933 eo,
1037 2857 1168 2943 quodei
1267 2846 1272 2853 ⁸

68 2952 238 3017 reulurem
251 2951 461 3016 ferendorum
474 2952 638 3013 fructuum
659 2950 834 3029 largiretur.
884 2951 1070 3021 Secundum
1089 2959 1169 3024 lite-

68 3074 121 3119 m
146 3052 310 3117 manifesti
334 3055 407 3115 lunt
429 3054 570 3130 fructus,
600 3070 681 3137 quos
706 3061 789 3112 terro
814 3073 880 3115 non
904 3053 993 3119 arida
1011 3058 1170 3143 producit,

68 3151 119 3219 led
132 3152 253 3218 iterum
264 3156 443 3217 referemus
455 3151 496 3215 ad
509 3174 579 3215 nos.
622 3150 656 3213 Si
671 3154 736 3229 jam
747 3152 823 3214 facti
834 3155 942 3218 furnus
955 3168 1054 3240 terra,
1068 3163 1172 3244 iijem

67 3276 119 3319 ron
130 3254 272 3341 emplius
285 3257 394 3319 fumun
409 3253 514 3334 arida,
544 3254 715 3317 afferamus
734 3252 857 3315 fructus
876 3256 989 3321 uberes
1007 3274 1041 3324 et
1058 3262 1174 3332 direr-

67 3354 209 3434 baDeo,
239 3364 278 3417 ut
299 3367 332 3418 et
352 3376 411 3418 nor
428 3352 655 3418 benedicamur
675 3366 796 3440 apatre
817 3353 957 3422 dicente:
989 3361 1072 3428 Ecce
1092 3366 1175 3434 odor

67 3455 117 3519 ttii
132 3454 202 3520 mei
222 3454 301 3520 licut
321 3453 403 3519 odor
422 3456 490 3537 agri
512 3456 618 3541 pleni,
648 3477 746 3541 quem
770 3458 937 3523 benedixit
959 3462 1048 3529 Deua
1075 3467 1176 3547 (Gen.

67 3554 204 3635 XXVII,
217 3561 294 3638 28),
315 3569 348 3619 et
362 3555 461 3638 illud,
483 3554 570 3644 quod
582 3557 627 3619 ait
642 3559 819 3642 apostolus,
847 3563 1045 3649 compleatur
1062 3568 1098 3629 in
1109 3588 1176 3631 nu·

67 3656 109 3723 li·
126 3658 242 3741 (Hebr.
261 3656 322 3737 VI,
343 3670 371 3725 7.
395 3663 461 3741 8)..
478 3706 510 3723 ..
564 3657 607 3722 Et
628 3656 710 3720 dixit
730 3657 846 3724 Deue’‘
866 3662 923 3742 (ed
943 3663 1054 3729 Genel'.
1075 3666 1102 3747 Ι,
1121 3680 1175 3736 20.

67 3765 175 3848 pm:
198 3757 408 3841 „Producant
421 3780 522 3846 aquae
537 3761 681 3847 repentia
695 3760 875 3827 animarum
890 3766 1049 3846 vivarum,
1065 3780 1098 3831 et
1110 3782 1177 3833 voi·

67 3861 160 3928 britta
174 3862 316 3928 rotantia
328 3864 422 3948 super
435 3873 553 3924 terram
569 3859 745 3925 secundum
757 3863 995 3929 firmamentum
1014 3868 1096 3932 coeli
1110 3870 1133 3937 i.
1146 3892 1176 3938 e.

68 3964 181 4031 unde
195 3966 320 4028 nostrae
333 3965 386 4028 vel
401 3962 505 4028 cordia
517 3959 726 4041 soliditatem,
748 3964 828 4026 baec
843 3963 956 4028 eadem
969 3968 1058 4031 fiant.
1105 3970 1178 4037 ΑΗ.

70 4062 179 4145 ttuor,
191 4064 278 4151 quod
291 4068 316 4130 li
330 4086 424 4131 mene
435 4067 539 4129 nultra
551 4064 732 4127 ‘illuminata
745 4064 872 4128 suerita
888 4068 992 4129 noltro
1003 4069 1070 4131 iole
1079 4068 1179 4139 Chri.

66 4162 126 4249 b,
153 4170 286 4253 jubetur
305 4164 508 4258 postmodum
528 4185 572 4230 ex
590 4163 659 4247 bia,
683 4185 766 4252 quae
784 4167 820 4231 in
832 4187 871 4232 ea
883 4169 971 4250 funt,
993 4171 1084 4257 aquia
1095 4162 1177 4264 pro'-
