2572 4770
434 356 536 405 ,·,--
590 315 663 395 116
715 340 820 375 ·-'

93 514 161 593 qne
182 499 271 597 quod
290 448 466 568 rerissmilo
485 501 547 583 etl,
576 494 724 563 breviter
744 476 963 584 exponemus.
1009 460 1053 564 ln
1072 494 1170 564 ueli-¹

76 590 158 673 sbuo
178 602 320 695 publicio
341 614 418 677 unte
434 601 681 669 Constantinum
698 596 748 665 M.
772 598 959 687 catechetoe
976 599 1046 665 Iino
1061 596 1168 668 dublo

17 718 23 735 '
83 724 166 775 'nou
185 707 388 786 docuerunt,
419 703 497 791 quie
512 704 578 768 tulo
592 700 780 767 aedilicium
793 701 1013 789 imperotores
1025 701 1167 791 gentile·

94 807 285 877 Christianis
314 804 451 875 minime
472 802 704 893 permiserint,
746 806 857 890 neque
876 803 977 890 igitur
1002 804 1040 869 in
1061 791 1167 893 regio,

12 946 36 969 ·.
74 908 370 999 ,philosophorum
389 907 560 996 gentilium
582 903 791 987 habitaculo,
819 904 946 971 scholae
961 904 1169 993 habueruut,

92 1012 126 1079 id
141 1011 230 1100 quod
245 1010 380 1099 insuper
393 1008 608 1099 comprobari
621 1007 753 1074 videtur
767 1006 810 1072 ob
824 1007 985 1090 Eusebio,
1012 1009 1070 1096 qui
1083 1008 1118 1075 h.
1133 1030 1168 1077 e:

91 1114 160 1195 Vl,
174 1112 208 1180 3.
224 1096 369 1191 coerrat,
392 1112 575 1198 Origenem
589 1108 780 1177 christianae
792 1108 961 1197 religionis
974 1108 1165 1179 doctrinm

11 1232 15 1239 '
92 1216 287 1304 permultis,
315 1213 372 1300 qui
386 1213 494 1301 ipsum
512 1213 642 1279 odirent
656 1202 756 1299 atque¹
769 1211 946 1278 docentem
965 1213 1085 1279 audire
1099 1236 1164 1287 ou,-

43 1372 47 1391 .
90 1306 560 1408 pereut,·t1·atlidillee‘uoi'nq›,
583 1306 663 1379 ἔνθα
674 1312 848 1401 κατέμενεν
865 1307 1163 1403 (quaeverbtt-pa-

89 1420 210 1487 lotium
223 1419 353 1505 regium
370 1440 493 1506 parum
504 1410 680 1502 indicunt).
728 1412 844 1503 ltaque
855 1416 896 1480 ed
911 1418 1163 1487 Constantinum

90 1542 199 1608 usque
224 1519 412 1587 docuerunt
431 1519 619 1588 catechetee
639 1516 751 1585 autin
775 1517 842 1584 luis
865 1517 1000 1586 aedibus
1022 1514 1162 1608 privatio

92 1636 151 1688 aut
170 1621 208 1687 in
226 1620 452 1689 ecclelialliois.
500 1622 560 1689 Au
578 1626 646 1710 post
664 1620 913 1687 Constantinum
933 1621 1013 1688 alibi
1031 1620 1163 1690 schola

90 1716 293 1804 habuerint,
317 1724 349 1789 it
363 1746 432 1789 non
443 1724 563 1813 liquet;
594 1737 684 1791 certe
702 1745 772 1788 non
792 1722 987 1791 habueruut
1004 1723 1161 1817 iringiq

78 1827 181 1914 ⁴quod
198 1825 274 1897 iude
293 1849 313 1890 o
326 1826 526 1894 Constantini
547 1827 682 1894 demum
702 1825 909 1913 temporibus
926 1825 1001 1893 fieri
1014 1826 1162 1914 potuerit
1193 1834 1199 1841 '

16 1914 18 1925 ¹
92 1928 244 2015 quidem,
276 1928 330 1994 led
349 1927 617 1997 revere-sactum
643 1950 713 1996 nou
734 1932 793 2009 est,
825 1926 904 2014 quia
929 1928 1161 1996 constantinus

90 2031 245 2095 muleum
263 2050 284 2092 a
297 2030 472 2097 Caracalla
491 2030 822 2112 roscillumrellituit,
864 2042 896 2095 et
915 2031 1081 2112 Iulianus,
1109 2028 1162 2097 uti

89 2128 190 2225 supra
212 2132 372 2213 vidimus,
403 2134 578 2200 Zenonem
598 2135 771 2199 doctorem
793 2155 832 2196 eo
854 2132 956 2214 mifit3
986 2130 1160 2199 Christiani

88 2244 202 2299 autem
226 2247 325 2319 atque
344 2235 482 2321 gentiles
499 2235 535 2301 in
556 2257 625 2301 uno
647 2233 831 2321 eodemque
844 2233 992 2300 aedificio
1015 2234 1159 2303 domiue

29 2344 32 2353 '
91 2358 160 2400 uon
175 2334 343 2402 videntur.
926 2360 928 2364 ⁴
1048 2342 1055 2351 '
1141 2348 1143 2355 '

494 2524 770 2544 a*

365 2753 548 2827 CAPUT
588 2757 885 2850 QUARTUM.

91 2891 97 2904 '
139 2911 198 2960 nn
232 2902 467 2959 turnumu
498 2910 702 2965 senonen
741 2912 1109 2965 cnrncunmcnn.

90 3096 94 3105 ·
198 3056 321 3125 Schola
347 3053 549 3122 catechetica
576 3060 746 3146 postquam
769 3060 880 3127 leculo
895 3064 937 3129 H.
964 3074 1040 3127 orta
1060 3069 1158 3139 erat,

86 3162 171 3226 mox
184 3159 363 3257 pleraeque
377 3156 465 3223 illiue
486 3158 560 3226 oevi
575 3158 702 3226 scholas
717 3151 1020 3252 glorialuperuiit,
1051 3162 1099 3227 itu
1120 3171 1160 3227 ut

6 3316 10 3329 .
86 3262 247 3329 Clemens
276 3261 421 3337 (soom.
435 3262 461 3326 l·
483 3281 517 3348 p.
533 3264 606 3350 274
630 3262 682 3328 etl.
703 3263 798 3352 Sylb.
812 3248 930 3347 ¹Col),
960 3286 1070 3353 paene
1087 3274 1158 3330 toto

86 3363 172 3447 orbe
187 3375 362 3451 peragrato
375 3362 558 3451 buditlsque
570 3365 795 3434 celeberrimis
806 3369 997 3434 litterarum
1011 3364 1160 3431 doctori·

80 3462 168 3549 bus,
194 3466 329 3532 tandem
344 3464 573 3555 Alcxendriae
589 3467 680 3556 opud
699 3470 909 3535 Pantoeoum
926 3466 1160 3557 acquiesceret.

85 3569 179 3637 illiue
198 3566 325 3654 gloriae
343 3567 524 3652 primarius
547 3583 664 3636 auctor
686 3568 748 3637 fuit
766 3573 979 3653 Pantaenus,
1015 3568 1159 3657 amplifi·

87 3684 182 3738 octor
201 3672 373 3745 Clemens,
403 3669 563 3737 Pantaeni
581 3671 775 3758 discipulus,
805 3674 951 3762 collega,
974 3670 1159 3739 ·luccellor.

78 3772 204 3862 Usque
216 3771 258 3836 ud
274 3793 303 3835 a.
318 3770 443 3854 CCIII,
476 3792 543 3858 quo
564 3770 681 3838 severi
699 3775 884 3879 persecutio
902 3774 1032 3855 saeviit,
1061 3787 1159 3840 trou-
1182 3854 1189 3867 .

85 3876 189 3962 'quille
200 3874 311 3941 schola
323 3871 457 3954 ssoruit3
489 3886 571 3939 tunc
583 3888 697 3942 autem
710 3877 811 3943 ambo
822 3878 857 3943 in
872 3879 989 3966 sugam
1006 3877 1163 3942 converfi'

83 3977 232 4042 scholam
247 3975 365 4041 orbum
378 3973 598 4061 reliquerunt.
644 3978 747 4045 Haud
768 3978 867 4046 dubie
880 3995 970 4048 tauto
989 3980 1023 4045 ln
1041 3977 1160 4045 discri-

83 4079 307 4144 numerorum
322 4078 472 4143 illabere
488 4100 556 4143 non
571 4081 732 4167 potuillet,
756 4081 953 4170 ss'Origenes
968 4081 1072 4169 ipsam
1088 4103 1160 4145 non

83 4177 228 4245 sullillet.
280 4184 497 4268 Quamquam
513 4181 702 4247 adolescens
716 4185 849 4250 nemiue
864 4187 1044 4250 adiuvante
1058 4182 1158 4248 labo-

85 4282 115 4348 ri
135 4282 193 4348 vix
209 4304 272 4369 par
292 4283 413 4371 luerit,
445 4295 558 4351 tameo
577 4283 768 4372 prohibuit,
795 4310 842 4353 ue
855 4288 896 4355 ad
911 4284 1081 4378 pristinem
1094 4285 1159 4350 ob-
