2572 4770
400 198 413 216 ’
529 238 710 330 Origenes.
775 282 779 297 .
844 268 850 279 ·
1122 252 1179 337 ee,

60 424 126 491 sese
142 438 255 487 rerum
272 415 458 502 scriptarum
468 415 719 490 consrderationi
729 429 824 504 atque
835 416 1070 501 investigationi
1087 419 1179 505 dant,
1197 431 1200 439 ’

61 541 128 606 teo,
153 523 214 587 sibi
226 520 368 594 maxime
381 517 606 605 persuadeant,
633 519 765 601 dignum
778 519 856 595 Deo¹
864 521 900 583 in
908 521 976 585 illie'
987 524 1083 586 rebus
1096 502 1178 609 sen}

60 631 134 693 sum
146 623 255 711 quaeri
270 631 426 706 oportere.
474 623 546 687 Non
560 622 662 684 solum
677 635 786 687 autem
806 620 846 686 de
860 623 917 702 iio,
944 643 1026 710 quae
1045 622 1180 707 adverae,

60 742 136 792 tum
157 722 267 793 Christi
290 722 538 806 praecesserunt,
572 725 652 786 haec
680 725 806 810 spiritus
831 727 954 806 sanctus
979 727 1180 810 procurarit,

62 826 117 893 sed
135 820 343 913 utpoteidem
358 823 454 885 unius
466 822 675 910 ejusdemque
686 826 750 890 Dei
764 826 907 913 spiritua,
920 825 1008 897 idem
1018 827 1053 891 in
1066 849 1178 911 eran-3

62 929 155 1011 geliic
168 937 200 990 et
212 924 426 1012 apostolorum
439 924 559 1010 scriptis
571 926 667 1005 secit3
688 948 761 991 cum
773 949 831 990 uec
843 930 898 990 illa
910 917 1086 993 secundum
1098 954 1174 996 cor.

61 1029 209 1118 poralem
229 1027 353 1089 sensum
375 1025 507 1087 omnino
531 1026 684 1091 sinceram
706 1030 846 1091 habeant
866 1030 1030 1093 historiam
1047 1051 1174 1114 eorum,

61 1151 144 1219 quae
166 1138 315 1191 contexta
335 1128 424 1205 sunt,
458 1139 618 1190 ettamen
635 1131 718 1192 sacta
738 1152 802 1192 non
822 1133 909 1210 sunt,
941 1151 1000 1194 nec
1023 1132 1112 1215 leges
1138 1143 1175 1215 et,

59 1241 230 1322 praecepta
243 1229 382 1291 habeant
392 1227 507 1290 rationi
521 1232 738 1292 consentanea.
747 1231 766 1262 ”
818 1231 971 1310 Ejusdem
984 1234 1057 1296 libri
1072 1238 1097 1317 l.
1113 1245 1174 1321 &tt

61 1340 169 1422 μω
188 1332 253 1417 sqq.
273 1350 315 1391 ex
334 1329 533 1408 ignoratione
551 1330 641 1409 riae,
674 1351 736 1416 qua
759 1330 965 1395 insistendum
983 1335 1040 1414 iit,
1070 1347 1106 1397 ut
1121 1332 1173 1417 ,ad
1272 1378 1277 1389 ·

61 1437 284 1521 scripturarum
302 1431 544 1511 intelligentiam
556 1433 775 1518 perveniatur,
802 1446 893 1497 natos
905 1439 968 1500 esse
981 1455 1104 1500 errores
1113 1435 1176 1505 ina

61 1537 170 1600 finitor
183 1529 335 1610 ostendit,
351 1530 553 1618 adducitque
568 1535 601 1595 in
614 1534 798 1618 exemplum
815 1533 972 1615 ludaeos,
983 1537 1175 1615 ,haereticae
1254 1588 1256 1592 ι

62 1637 299 1719 nonnullosque
311 1635 357 1695 sbi
370 1637 522 1721 temporis
538 1636 748 1712 Christianos,
776 1647 813 1697 ut
824 1636 857 1697 in
870 1638 986 1700 literali
999 1641 1178 1726 scriptura-,-

62 1761 134 1803 rum
143 1736 407 1820 interpretatione
421 1738 510 1798 sitam
525 1738 588 1798 esse
601 1738 714 1821 probet
725 1738 836 1798 falsam
849 1738 940 1801 istam
957 1740 1059 1818 viam,
1087 1763 1172 1827 quae

61 1838 100 1903 ad
113 1835 336 1927 praecipitium
354 1833 448 1900 ducit.
474 1835 584 1913 „Duri
597 1835 690 1899 corde
701 1838 736 1916 ,”
752 1838 872 1921 inquit,
894 1852 955 1917 „et
967 1840 1101 1921 idiotae,
1115 1843 1172 1928 qui

62 1967 79 2008 e
92 1938 328 2007 circumcisione
340 1938 428 2013 suat,
456 1938 717 2021 prophetiarum,
740 1958 822 2023 quae
836 1937 876 2001 de
891 1940 1012 2004 Christo
1026 1943 1172 2026 loquun-

60 2059 122 2122 tur,
136 2042 311 2105 dictionem
321 2037 407 2122 sequi
417 2038 448 2097 se
460 2037 687 2115 existimantes,
700 2037 733 2098 in
748 2040 935 2103 salvatorem
950 2043 1091 2102 nostrum
1105 2063 1174 2107 nou

10 2158 12 2167 '
61 2137 311 2216 crediderunt,”
340 2148 371 2198 et
386 2159 439 2221 qu.
454 2140 513 2222 sq.,
542 2150 576 2199 et
596 2139 773 2222 postremo:
801 2139 919 2219 „Quin
937 2142 1034 2205 etiam
1045 2142 1175 2228 simpli-2

61 2249 163 2310 tiores
189 2237 352 2315 nonnulli,
387 2238 491 2322 quise
512 2235 552 2300 de
571 2239 782 2304 ecclefia'esse
807 2244 997 2322 gloriantur,
1031 2256 1179 2325 creatora

59 2346 193 2434 quidem
222 2342 356 2407 nullum·
374 2343 528 2418 majorem
553 2340 753 2421 existimant,
781 2345 889 2407 sanam
909 2347 969 2407 hae
989 2347 1076 2409 inre
1096 2326 1175 2408 amss

58 2448 151 2534 plexi
168 2443 376 2519 sententiam,
405 2461 518 2503 verum
539 2460 575 2502 ea
597 2440 637 2503 de
656 2443 722 2528 ipsu
738 2446 947 2529 suspicantur,
974 2467 1057 2532 quae
1074 2468 1116 2509 ne
1131 2445 1176 2513 de.

58 2550 194 2612 homine
226 2541 358 2630 quidem
385 2540 597 2604 crudelissimo
623 2553 656 2604 et
676 2544 873 2622 injustissimo
895 2549 1030 2628 cogitare
1051 2550 1100 2611 fas
1123 2549 1173 2613 tit.-

59 2649 106 2714 lin
119 2659 230 2712 autem
251 2643 399 2707 omnihus
419 2643 508 2703 nulla
525 2644 674 2705 salsarum
688 2647 894 2730 opinionum,
916 2651 1005 2711 nulla
1020 2650 1176 2735 impieta-

58 2752 102 2815 tis
124 2762 158 2813 et
175 2745 362 2810 stolidorum
382 2741 422 2805 de
445 2742 517 2806 Deo
536 2745 715 2807 sermonum
743 2751 832 2811 causa
858 2752 923 2812 esse
949 2750 1011 2812 alia
1034 2748 1174 2830 videtur,

61 2872 160 2937 quam
173 2849 323 2932 scriptura
337 2866 402 2906 non
416 2842 590 2906 secundum
602 2847 774 2931 spiritalem
789 2852 912 2913 sensum
925 2851 1103 2929 intellecta,
1119 2848 1177 2921 sad

61 2948 245 3015 secundum·
268 2947 427 3008 literalem
445 2945 613 3030 accepta.”
673 2946 795 3013 Pariter
824 2949 1021 3014 Strornatum
1053 2953 1107 3015 lib.
1127 2950 1174 3018 X.

62 3048 165 3137 (apud
181 3049 368 3127 Hieronym.
383 3048 436 3109 lib.
450 3044 509 3110 111.
531 3046 654 3111 Comrn.
675 3048 709 3110 in
732 3047 834 3115 Galat.
858 3074 883 3115 c,
899 3057 933 3133 6)
953 3074 1003 3139 ap.
1025 3050 1182 3119 Ruaeuut

64 3149 246 3231 rol1,41:
269 3149 368 3214 ”Non
390 3147 533 3226 valde„,
559 3148 603 3209 ait
616 3150 738 3227 noster,
759 3151 841 3215 ”eos
855 3155 945 3231 juvat
956 3154 1085 3214 historia
1096 3154 1178 3221 scri-
1241 3206 1252 3236 ,

64 3264 195 3336 pturae,
210 3249 266 3335 qui
278 3249 318 3311 sic
332 3270 404 3312 eam
418 3248 617 3326 intelligunt,
632 3250 678 3310 uti
690 3250 800 3335 scripta
815 3254 870 3313 est.
913 3250 995 3331 Quis
1009 3255 1096 3322 enim
1111 3276 1181 3317 non

10 3374 14 3421 t
66 3350 231 3415 docebitur
248 3350 364 3413 servire
384 3349 532 3412 luxuriae
551 3362 584 3412 et
601 3351 843 3414 fornicationem
862 3353 978 3416 habere
991 3357 1177 3440 pronihilo,

10 3446 12 3459 '
66 3474 137 3516 mm
148 3449 268 3516 ludam
281 3448 321 3512 ad
334 3451 533 3513 meretricem
556 3453 669 3532 legerit
687 3451 922 3532 ingredientem
939 3466 972 3518 et
983 3455 1185 3540 patriarchae,

67 3552 207 3617 babuisse
229 3553 347 3616 multas
368 3554 487 3638 pariter
510 3552 651 3616 uxores?
698 3552 870 3634 Quomodo
893 3578 958 3619 non
978 3555 1018 3617 ad
1033 3554 1184 3618 idolatra.

10 3696 22 3723 .
67 3657 157 3719 triam
173 3655 413 3743 provocabitur,
436 3654 491 3739 qui
504 3654 691 3734 sanguinem
705 3665 868 3718 taurorum
889 3669 921 3719 et
936 3669 1056 3720 ceteras
1070 3656 1185 3721 Levi-

11 3724 23 3805 ¹=
67 3757 117 3823 tici
131 3756 462 3840 victimasnonplus,
492 3776 589 3840 quam
608 3754 696 3842 quod
718 3756 752 3818 in
770 3755 861 3817 litera
880 3758 986 3837 sonat,
1016 3758 1178 3843 putaverit

23 3876 27 3881 ·
67 3857 228 3940 indicare?
243 3906 251 3923 .
268 3905 276 3922 .
319 3857 473 3920 Haereses
487 3876 614 3941 quoque
627 3857 729 3937 magis
743 3855 783 3919 de
799 3861 916 3922 carnali
931 3862 1101 3945 scripturae
1119 3859 1178 3921 in-

66 3960 259 4041 telligentia,
282 3977 379 4043 quam
395 3956 436 4021 de
451 3977 547 4042 opere
562 3958 664 4021 carnia
684 3959 825 4038 nostrae,
855 3971 892 4021 ut
912 3960 1042 4044 plurimi
1062 3959 1177 4043 existi·-
1262 3968 1267 3980 '

25 4108 29 4121 .
63 4075 170 4141 ruant,
189 4060 401 4125 substiterunt.
449 4059 581 4124 Necnon
600 4056 757 4123 invidiam
777 4071 810 4122 et
823 4061 1008 4123 ebrietatem
1024 4080 1081 4146 per
1094 4061 1177 4143 legin

22 4184 28 4241 ‚t
62 4164 190 4253 situata
203 4161 360 4249 discimus.
402 4160 664 4228 InebriaturNue'
677 4165 747 4248 post
761 4159 921 4229 diluvium
934 4162 1191 4250 etpatrinrehw

1186 4406 1244 4502 Ι
