2572 4770
117 232 170 303 ὅθ
300 228 305 235 ’
422 203 517 323 (scip.¹
534 223 603 299 ss.-
640 225 925 309 [sommarium
1043 254 1051 267 =

119 415 278 485 creatum,
297 408 352 470 rel
367 429 487 490 negano
500 404 621 494 aliquid
634 428 676 473 ex
688 406 746 484 iia,
773 396 939 492 quaesunt
951 398 1046 468 firma
1057 418 1093 464 tu
1105 394 1231 465 tantillo

115 490 158 555 in
168 512 245 555 vera
259 489 417 573 doctrina,
438 495 466 557 is
480 498 525 556 est
541 492 852 579 perniciosissimus.”

92 662 97 675 ι
131 640 135 651 .
205 590 470 657 ENovoTast.
484 594 564 657 haec
582 591 684 656 adsint
701 591 873 676 exempla·
912 583 1122 666 „tornae”
1150 582 1232 651 cte-

27 754 31 761 .
119 711 216 757 mene
232 693 276 755 ait
289 692 405 757 Strorn.
419 692 479 773 Vl,
496 706 545 772 11,
561 706 620 760 787
631 741 640 772 ,
652 690 841 781 ,dominus
855 690 944 752 illam
961 708 1093 766 eorum,
1120 685 1177 773 qui
1195 683 1232 747 in

120 794 221 858 herbo
234 792 468 874 decubuerunt,
489 792 729 859 multitudinem
742 812 785 855 ex
798 787 927 853 adverso
945 785 1124 851 Tiberiadis
1143 785 1231 867 (solt.

117 892 184 973 NI,
199 897 252 973 tt)
273 896 406 981 piscibus
429 892 554 958 duobus
573 907 606 958 et
621 892 787 957 hordaceia
815 891 956 977 quinque
980 888 1059 951 aluit
1082 886 1234 974 panibus,

122 990 262 1082 innueqa
278 994 464 1080 praeviamJ
467 991 640 1057 udaeorum
653 1006 685 1056 et
692 992 885 1059 Graecorum
897 987 1128 1067 eruditionem,
1148 1006 1233 1074 quae

123 1090 286 1177 praecedit
301 1092 446 1161 divinum
459 1093 814 1185 triticumuautrirnentb
843 1089 930 1177 quod
947 1110 1004 1177 per
1023 1090 1129 1169 legem
1145 1085 1234 1153 edu-

121 1189 224 1267 citur..
250 1193 305 1259 Est
318 1199 406 1261 enim
415 1196 575 1261 hordeum
587 1194 690 1257 tritico
704 1193 796 1257 citiua
809 1203 954 1277 tempora
967 1189 1103 1257 aestatis,
1139 1187 1235 1269 Quae

121 1302 234 1359 autern
245 1317 302 1380 per
314 1296 417 1362 undae
428 1299 563 1379 gentiles
575 1296 713 1377 gignitur
724 1305 757 1356 et
777 1293 895 1372 fertur,
922 1310 1066 1372 graecam
1087 1290 1236 1377 philoso-

123 1392 236 1479 phiam
254 1395 353 1480 pisces
370 1399 601 1479 significabant,
631 1396 668 1457 in
686 1394 847 1480 copiosum
865 1396 971 1458 cibum
997 1391 1063 1456 dati
1087 1393 1152 1474 ita,
1179 1389 1236 1479 qui

122 1490 217 1557 borni
235 1494 338 1562 adhuc
356 1501 517 1578 jacebant,
545 1498 600 1583 qui
619 1494 750 1582 quidem
769 1517 836 1559 non
856 1496 1027 1581 cupiebant
1047 1493 1237 1561 incremen-

125 1603 197 1657 tum
210 1595 287 1660 licut
298 1603 473 1679 fragmenta
488 1621 627 1685 panum:
655 1610 763 1661 tamen
782 1619 855 1667 cum
868 1592 1238 1660 benediccioniadomini

124 1692 202 1759 lacti
214 1699 315 1761 essent
326 1699 513 1787 participes,
544 1701 724 1763 habuerunt
738 1699 921 1784 inspiratam
940 1696 1116 1783 divinitatis
1127 1701 1239 1764 resur·-

58 1838 70 1861 .
124 1796 376 1887 rectionempar
393 1803 494 1867 Verbi
511 1805 697 1886 potentiam.
752 1797 849 1880 Quod
866 1800 891 1860 ss
907 1800 1042 1863 ulterius
1062 1799 1238 1884 quaerendi
1260 1798 1262 1802 ’

124 1896 278 1961 sollicitus
296 1922 347 1980 ea,
374 1915 449 1988 puta
470 1927 570 1968 unum
590 1924 631 1966 ex
648 1903 783 1988 piscibus
801 1901 864 1960 else
876 1900 1081 1979 enclyclicam
1094 1899 1239 1987 discipli-

124 2016 222 2077 nam,
250 2001 385 2065 alterum
403 2025 480 2066 vero
500 2005 671 2084 fignificare
689 2003 788 2087 ipsam
805 2019 886 2086 quae
898 2002 1080 2086 supervenit
1092 2001 1240 2087 philoso-

125 2096 255 2192 phiam,
278 2105 487 2186 quaescilicat
509 2127 581 2167 cum
600 2104 696 2189 ipsius
718 2099 840 2163 domini
859 2103 957 2163 verbo
978 2104 1241 2187 comparantur.”

128 2192 228 2261 I'orro
259 2199 376 2268 Str-om.
403 2205 462 2284 IV,
483 2213 512 2284 4,
535 2218 610 2271 670:
648 2201 878 2280 ,‚D0minua,’'
911 2201 971 2279 ait,
1007 2201 1069 2279 „iu
1093 2221 1243 2284 euange-
1276 2228 1279 2233 ·

129 2294 174 2361 lio
188 2298 317 2375 (llattlr.
330 2303 425 2383 XIX,
439 2312 494 2384 29)
508 2304 600 2368 dicit:
630 2304 695 2384 Qui
714 2303 877 2389 reliquerit
892 2314 1017 2387 patrem
1036 2303 1089 2363 vel
1102 2315 1243 2369 matrem

127 2398 184 2459 vel
195 2399 308 2462 fratres
322 2417 450 2489 proptor
464 2406 665 2484 evangelium
678 2415 710 2465 et
723 2425 841 2465 nomen
855 2422 982 2480 meum,
1008 2402 1037 2464 is
1050 2403 1095 2464 ell
1109 2405 1244 2486 bearua3

129 2514 196 2559 non
210 2499 346 2583 quodvis
360 2504 535 2582 significans
550 2495 752 2585 martyrium,
766 2502 819 2566 sed
832 2502 1022 2583 gnosticum,
1038 2505 1108 2582 ejus
1122 2525 1245 2592 nempe

129 2594 290 2680 hominis,
319 2604 372 2688 qui
392 2598 464 2665 curu
486 2625 527 2666 ex
545 2606 652 2684 regula
674 2603 833 2683 evangelii
850 2604 950 2667 uitam
968 2603 1083 2684 egerit,
1110 2618 1248 2691 propter

132 2693 337 2765 dilectionem
351 2703 471 2766 domini
487 2706 641 2787 (nominis
653 2704 740 2766 enim
754 2704 880 2765 ratioet
898 2704 1073 2783 evangelii,
1102 2718 1246 2790 quorum

68 2832 71 2837 ·
130 2794 186 2861 iric
199 2803 321 2864 mentio
333 2806 416 2867 stacta
429 2798 489 2884 est,
521 2802 607 2868 haud
627 2803 746 2865 nudam
764 2804 1030 2889 appellationem,
1050 2802 1105 2868 sed
1118 2808 1247 2887 gnosti-

132 2916 203 2961 cam
223 2901 356 2965 vivendi
375 2907 530 2969 rationem
547 2906 713 2986 fignificat)
738 2925 810 2967 cum
834 2906 930 2982 hujus
949 2904 1063 2969 mundi
1081 2921 1246 2987 cognatos,

132 3005 205 3063 tum
219 3002 316 3066 etiam
328 3006 530 3069 substantiata
544 3028 578 3068 ac
590 3007 792 3093 possessronea
813 2998 945 3086 (οὐσίαν
962 3006 1020 3071 καὶ
1037 3006 1153 3093 κτῆσιν
1170 3009 1247 3073 πᾶ-

133 3100 211 3176 σαν)
232 3103 398 3188 relinquit,
424 3119 592 3192 propterea
615 3104 700 3191 quod
717 3106 806 3168 vivat
821 3107 896 3195 citra
911 3107 1041 3170 nimiam
1053 3108 1094 3171 ad
1107 3130 1148 3173 ea
1161 3110 1248 3175 affe·

35 3190 39 3197 ’
133 3198 282 3267 ctionem.
314 3203 451 3269 Proinde
462 3220 565 3270 mater
575 3206 705 3293 quidem
715 3207 881 3288 allegorica
893 3208 1142 3294 innuitpatriam
1152 3212 1247 3275 etal-

132 3298 246 3365 tricem
260 3314 393 3385 terram,
410 3320 516 3393 patres
528 3321 636 3371 autem
650 3310 738 3389 legas
752 3308 878 3390 civilea3
898 3330 975 3394 quat
988 3307 1118 3394 quidem
1131 3332 1185 3376 rea
1194 3312 1248 3376 vir

132 3400 244 3483 justus,
258 3404 311 3489 qui
326 3409 487 3488 estmagni
500 3409 679 3495 excelsique
692 3409 801 3488 animi,
813 3410 1026 3472 lubentissime
1040 3400 1248 3479 contemnere
1261 3422 1265 3427 ’

133 3498 250 3583 debet,
276 3517 312 3567 ut
324 3503 396 3569 Deo
415 3509 471 3570 fiat
487 3509 607 3572 amicus
623 3521 655 3572 et
667 3510 873 3595 consequatur
887 3506 1035 3574 dexterea
1050 3522 1157 3595 partes
1170 3516 1250 3577 san·

133 3604 267 3684 etuarii,
290 3605 370 3668 ficut
390 3608 486 3671 etiarn
508 3609 650 3672 fecerunt
670 3610 811 3695 apostoli.
820 3610 839 3644 ’²
885 3608 1008 3672 Eadem
1033 3612 1171 3691 gnostica
1189 3633 1248 3677 ra·

67 3704 80 3717 ’
134 3704 226 3771 tione
245 3708 470 3792 interpretatur
487 3708 594 3771 locum
609 3724 636 3785 ,g
648 3710 721 3775 Joh.
742 3710 786 3790 V,
806 3722 823 3775 7
845 3707 1063 3791 (Adumbratt.
1082 3711 1118 3774 in
1141 3725 1156 3778 1
1172 3712 1248 3780 Joh-

135 3826 172 3895 p.
188 3812 302 3888 lott):
325 3807 431 3871 ”Tres
446 3811 535 3886 sunt,
549 3809 604 3894 qui
618 3810 992 3895 testificantur,spiritus,
1010 3807 1098 3894 quod
1112 3814 1159 3875 ell
1170 3813 1248 3895 rite,

137 3918 173 3973 et
182 3930 281 3996 aqua,
301 3909 386 3995 quod
401 3912 446 3973 est
458 3910 654 3990 regeneratio
667 3931 703 3972 ac
719 3908 817 3991 sides,
831 3922 864 3973 et
875 3909 1015 3991 sanguia,
1029 3907 1118 3996 quod
1129 3912 1177 3975 ea
1190 3932 1250 3977 oo-

137 4010 239 4091 gnitio
253 4009 413 4096 (γνῶσις),
422 4023 459 4083 ,et
472 4010 508 4073 hi
520 4021 586 4073 tres
598 4030 699 4072 unum
712 4011 792 4074 sunt.
819 4008 858 4077 In
871 4012 1025 4079 salvatore
1038 4011 1158 4097 quippe
1173 4012 1250 4075 illae

138 4113 212 4179 lunt
223 4112 358 4193 virtuter
371 4113 568 4196 bluufmaa,
586 4121 620 4174 et
633 4111 700 4175 uita
712 4111 824 4199 ipsein
836 4111 903 4199 iplo
916 4112 983 4179 lilio
996 4114 1065 4197 ejua
1077 4111 1222 4193 existit„
