2572 4770
30 306 63 377 ,¹
152 362 159 383 1
198 318 221 391 Ἰ
241 294 504 415 Athenagorae.
553 294 783 367 Pantaenus.
826 264 994 364 Clemene·
1108 299 1184 377 ⁴06

68 469 108 535 tn
133 466 220 551 (vat.
242 456 310 555 nujl
337 494 453 540 comm.
485 474 521 541 r.
541 473 570 541 1.
594 498 627 564 p.
654 472 726 556 ιε).
784 472 936 540 ceterum
961 471 1010 541 tc
1029 494 1069 541 a
1098 474 1186 549 nnn·

67 573 192 638 selmue.

506 788 737 839 CLEMBNS.

118 887 166 945 Gi.
185 889 355 947 Mtiasclreri
372 890 556 963 Darstellmrg
574 894 626 948 cler
643 861 838 950 morelisclren
859 892 949 949 licen
972 893 1023 949 tlee
1041 894 1178 955 cleram

170 976 251 1032 Alex.
271 994 301 1038 u.
314 978 477 1031 Tertullian
498 980 530 1032 in
544 977 645 1033 ilenke
660 983 798 1053 Megaein
816 981 866 1037 sisr
879 981 945 1040 ttet
965 982 1056 1057 phil„
1083 984 1187 1060 Exag.'

170 1064 694 1135 n.x.g.'r.v1.p.106-tto,.er
1081 1070 1084 1079 ·

34 1214 41 1225 ¹
119 1146 281 1204 Steeutilini
295 1149 400 1206 Gescb.
415 1150 442 1205 tl.
457 1150 631 1205 Sittenlebre
646 1153 712 1206 lesu
724 1151 763 1215 11,
778 1150 828 1208 165
839 1151 942 1209 -221.

149 1263 238 1332 Finie
256 1270 415 1332 bonorum
432 1269 480 1332 est
497 1267 539 1333 de
555 1267 731 1336 Clementia
748 1270 919 1346 sententia,
944 1283 982 1336 tat
999 1274 1065 1354 jam
1081 1274 1177 1361 supra

64 1363 227 1447 vidimus,
254 1371 394 1456 perlecta
415 1370 528 1450 gnosio.
583 1370 665 1435 Tota
688 1370 863 1436 Clementis
882 1369 1046 1460 disciplina
1068 1376 1177 1441 ethice

64 1466 148 1529 nihil
167 1469 213 1530 est
231 1470 292 1533 nisi·
307 1467 472 1557 descriptio
495 1471 625 1551 gnostici
640 1473 706 1536 five
721 1472 892 1557 propositio
910 1475 1052 1560 exempli
1062 1474 1177 1539 homi-

65 1567 131 1646 nia,
159 1569 213 1655 qni
232 1568 441 1633 meditatione
463 1567 665 1635 divinitatem
686 1569 847 1635 doctrinae
867 1575 1037 1662 operisque
1059 1574 1183 1647 Christi·

63 1666 146 1731 adeo
167 1671 223 1733 sibi
243 1673 419 1756 persuasam
437 1671 570 1749 habeat,
598 1682 635 1733 nt
653 1672 688 1734 in
705 1674 765 1734 bac
784 1674 984 1758 persuasione
997 1676 1205 1743 sirraisllmet·

61 1769 120 1831 fibi
142 1773 277 1849 constet,
308 1769 466 1856 ideoque,
502 1789 544 1833 ne
562 1769 694 1834 vivendi
712 1770 734 1834 i.
753 1791 783 1834 e.
800 1772 985 1863 cogitandi,
1019 1774 1185 1864 loquendi²

61 1868 243 1955 agendique
263 1873 318 1932 sua
338 1871 461 1935 ratione
483 1870 710 1936 inconstantiae
729 1873 892 1937 maximae
910 1863 985 1938 reue
1004 1876 1077 1954 siat,
1106 1895 1186 1942 non·
1229 1932 1235 1941 .

10 2042 13 2052 Ι
62 1971 213 2033 omnibns
238 1990 256 2033 e
283 1970 439 2035 libertatis
459 1973 534 2035 snae
556 1973 678 2038 viribus
701 1993 814 2037 cavere
835 1984 983 2061 nequeat.
1032 1973 1195 2061 (Itaque‚·=

61 2083 99 2132 nt
119 2068 153 2131 id
173 2073 239 2149 jam
259 2071 329 2135 h.l.
348 2092 631 2159 praemoneamna,
658 2073 807 2139 Clemens
828 2073 916 2138 dere
933 2071 1037 2137 ethica
1050 2075 1185 2159 optime·

60 2173 107 2233 est
124 2171 273 2249 meritus,
302 2171 421 2256 qnippe
439 2187 618 2238 mentem
637 2176 839 2242 christianam
855 2172 1045 2263 postulando
1058 2186 1186 2252 extem·

59 2290 121 2335 nee
136 2268 263 2334 cuidam
274 2274 424 2336 asceticae
439 2272 649 2356 adversatus.)

145 2371 312 2437 Gnosticue
329 2375 454 2461 semper
472 2374 599 2441 Deum
617 2376 729 2441 colit.
771 2375 999 2457 „labemur”,
1020 2373 1178 2442 Clemene‘

58 2475 104 2537 ait
131 2474 248 2540 Strom.
274 2474 351 2553 vll,
371 2487 401 2541 7.
435 2498 467 2563 p.
490 2478 569 2558 tst‘,
610 2480 747 2558 „colere
774 2488 808 2541 et
833 2479 993 2541 honorare
1017 2474 1185 2558 candens

58 2596 155 2661 quem
169 2587 202 2639 et
214 2578 349 2640 verbum
362 2578 425 2641 esse
441 2590 474 2642 et
485 2581 678 2643 servatorem
690 2590 785 2663 atque
797 2574 912 2641 ducem
922 2577 1080 2641 babemus
1092 2598 1176 2664 per·

57 2679 198 2755 suasum,
223 2687 257 2739 et
274 2679 464 2765 peripsum,
492 2692 635 2767 patrem,
663 2700 729 2741 non
749 2678 872 2741 selectis
891 2674 1023 2756 diebus,
1048 2687 1085 2740 ut
1102 2676 1179 2761 atil,

46 2777 112 2840 -sed
128 2779 328 2843 continenter
346 2799 403 2865 per
419 2791 520 2842 totam
535 2781 636 2842 vitam
657 2780 718 2841 hoc
732 2788 863 2858 agentes
879 2787 912 2839 et
927 2779 1078 2841 omnibue
1090 2798 1172 2842 mo-

57 2877 117 2943 die.
136 2926 145 2943 .
193 2880 259 2945 Nec
277 2879 312 2940 in
332 2875 465 2940 definito
481 2880 570 2958 loco,
597 2900 702 2964 neque
716 2879 750 2941 in
763 2879 886 2964 templo
899 2878 1034 2958 selecto,
1061 2898 1180 2967 neque·

55 2979 170 3044 diebue
197 2981 356 3064 aliquibus
380 2978 469 3041 festia
490 2991 524 3042 et
544 2980 753 3064 praestitutis,
785 2978 838 3042 sed
860 2998 919 3066 per
942 2988 1044 3044 totam
1064 2978 1171 3047 vitem

55 3082 233 3164 gnollicua,
260 3082 295 3142 in
307 3080 396 3142 omni
411 3082 498 3159 loco,
523 3079 620 3141 etiam
636 3080 733 3165 siper
744 3080 776 3141 se
790 3080 829 3142 sit
844 3079 947 3158 solue,
975 3090 1008 3141 et
1021 3077 1169 3158 sisecum

54 3184 204 3247 babuerit
217 3181 313 3260 alios,
334 3181 390 3267 qui
404 3176 542 3242 eandem
558 3174 657 3242 sidem
667 3179 809 3265 amplexi
824 3181 914 3259 sunt,
934 3175 1044 3244 Deum
1054 3180 1169 3267 benef

54 3297 121 3363 rat,
148 3286 208 3347 hoc
228 3284 272 3345 est
292 3283 357 3363 agit
372 3281 487 3362 gratiae
498 3293 629 3367 propter
642 3291 747 3343 rectae
760 3279 846 3342 vitae
861 3280 1087 3359 cognitionem.
1127 3277 1167 3345 Si

53 3399 163 3451 autem
178 3385 310 3462 alicujus
329 3381 405 3446 boni
420 3383 483 3444 viri
499 3381 673 3468 praesentia
691 3399 749 3466 per
766 3379 864 3466 ipsine
878 3381 1110 3444 observantiam
1129 3389 1167 3443 et

50 3488 267 3553 reverentiam
288 3504 365 3547 eum
385 3483 516 3569 quietam
538 3484 679 3546 versatur
699 3483 823 3566 semper
847 3479 882 3542 in
904 3483 1022 3546 melina
1044 3481 1166 3543 formet

54 3603 89 3654 et
109 3589 249 3669 effingit3
281 3583 444 3675 quomodo
464 3583 509 3663 ie,
543 3582 696 3670 quicum
716 3580 787 3644 Deo
807 3582 931 3667 semper
949 3582 996 3644 est
1013 3582 1177 3667 praesens·
1245 3612 1249 3621 .

51 3714 112 3780 per
128 3688 343 3772 cognitionem
358 3700 391 3750 et
406 3686 508 3749 ritem
524 3695 557 3747 et
576 3683 749 3764 gratiarnm
766 3681 941 3760 actionem,
965 3701 1031 3744 non
1045 3683 1115 3761 jure
1127 3681 1165 3745 se

52 3795 169 3858 melior
182 3795 305 3878 semper
319 3785 434 3852 eradat
447 3788 480 3849 in
492 3785 644 3849 omnibus
661 3796 695 3848 et
704 3784 798 3848 sactis
812 3794 846 3847 et
858 3783 965 3847 verbis
977 3793 1011 3845 et
1022 3776 1163 3847 allectus
1234 3873 1238 3879 Ι

51 3896 84 3960 T
85 3880 144 3959 alia
161 3899 207 3959 elt
225 3894 254 3958 ie
274 3892 325 3955 cui
339 3893 384 3954 est
396 3889 594 3976 persuasum,
615 3884 723 3951 Denm
736 3886 856 3973 ubique
870 3880 991 3961 adesse,
1015 3896 1081 3944 non
1095 3900 1162 3943 en-
1265 3898 1271 3905 ·

52 4012 121 4062 tem
139 3997 230 4060 certia
243 4016 280 4057 ac
295 3991 436 4056 definitio
453 3989 532 4054 locis
552 3988 616 4051 esse
630 3987 830 4065 conclusam,
857 3995 980 4046 utcum
993 3982 1161 4067 laebaque

50 4124 93 4166 eo
118 4100 182 4160 asle
204 4091 374 4184 aliqnando
392 4091 635 4166 existimaverit,
668 4097 762 4151 nemu
783 4096 818 4150 et
835 4080 973 4147 interdiu
993 4083 1161 4167 intempe-

36 4201 174 4273 'rmtiae
195 4200 227 4265 le
246 4194 343 4263 dedat
361 4206 395 4260 et
410 4190 548 4267 libidini.
585 4187 658 4265 ὃΙόι
676 4199 778 4255 totam
792 4204 869 4269 ergo
882 4184 983 4261 vitem
1000 4178 1088 4253 iliam
1100 4183 1171 4289 seg..
