2572 4770
82 120 159 242 ted
391 162 492 265 «cap.
520 162 591 245 ΙΙΙ.
646 106 879 251 Ddgiinatica.

364 307 391 369 ’ἱ
470 341 817 424 Anthropolegin.
935 386 940 393 .

155 454 374 525 ’Συνεστάναι
393 458 542 522 homines
555 454 716 537 Didymus
738 456 783 516 eit
801 452 843 516 de
865 463 904 519 tr.
919 451 947 533 Ι,
964 465 995 533 9,
1013 465 1053 519 11
1078 446 1118 517 ἐκ
1136 458 1204 535 ψυ-

86 561 148 646 χῆς
178 558 235 624 ndi
266 552 420 640 σώματος
448 556 505 621 καὶ
532 545 617 620 εἶναι
644 548 806 640 λογικούς.
869 554 919 619 Ita
951 568 1035 618 tren
1071 555 1204 617 homi-

84 660 158 726 nis
179 672 320 745 partes
341 658 512 739 distinguit.
562 656 645 720 Item
666 654 707 719 de
727 657 773 742 sp.
787 658 849 720 scto
865 655 922 720 111.
944 678 977 742 p.
996 666 1078 722 525:
1117 652 1204 716 ”Di-

89 762 216 838 citur,‚‚
247 761 307 837 ait,
337 760 462 822 ”etiarn
485 764 619 844 excepta
638 759 745 820 anima
764 767 798 818 et
818 770 953 844 excepto
966 757 1084 840 'spiritu
1105 757 1204 817 lande

87 845 218 946 spiritus
232 861 313 923 elius
325 860 396 946 quis
410 863 472 922 esse
487 860 520 920 in
538 859 688 938 homine,
712 856 752 919 de
766 877 829 942 quo
837 856 954 920 Paulus
968 856 1075 920 scribit
1092 859 1126 933 (l
1139 853 1203 919 Cur.

89 959 238 1042 II,11)..
255 1008 264 1024 .
306 959 341 1024 Si
361 962 448 1023 enim
468 960 606 1024 voluerit
622 954 814 1021 contendere
828 959 986 1042 quispiam
1001 956 1146 1019 animam
1161 954 1205 1016 hic

91 1061 260 1141 significari
275 1061 309 1122 in
323 1062 449 1146 spiritu:
480 1060 551 1145 quis
566 1060 625 1121 erit
638 1060 754 1137 homo,
777 1061 866 1136 cujus
880 1060 1091 1138 cogitationes
1108 1068 1142 1119 et
1156 1076 1204 1117 ar-

91 1182 170 1224 cena
191 1172 225 1222 et
243 1162 359 1224 secreta
381 1160 484 1225 cordis
504 1162 623 1222 occulta
645 1160 761 1221 nesciat
776 1160 891 1237 hemo,
913 1160 973 1223 nifi
984 1158 1116 1245 spiritus
1132 1159 1204 1234 ejus,

93 1263 168 1349 quia
183 1259 369 1348 decerpere
384 1262 521 1323 solitario
537 1261 597 1321 hoc
610 1260 790 1339 intelligere
806 1260 890 1323 velle
910 1260 1100 1346 perstultum
1121 1258 1206 1334 elim

94 1375 128 1426 et
142 1363 184 1426 ib.
206 1382 239 1449 p.
257 1372 317 1430 526
335 1360 376 1425 ad
394 1375 408 1427 1
425 1361 531 1424 Thess.
545 1360 587 1438 V,
604 1370 661 1426 23:
689 1359 805 1424 ”Sicut
824 1361 885 1422 alia
906 1363 952 1424 est
967 1359 1076 1423 enimn
1092 1368 1125 1418 et
1138 1376 1208 1419 cor-

92 1483 155 1551 pus
174 1461 280 1542 aliud3
314 1462 356 1525 lic
373 1472 405 1524 et
425 1459 514 1522 aliud
534 1463 579 1522 est
596 1460 723 1547 spiritus
743 1461 782 1522 ab
805 1460 928 1538 anima,
959 1479 1042 1546 quae
1062 1462 1122 1521 suo
1142 1461 1207 1520 luce

96 1563 272 1649 specialiter
286 1560 474 1647 appellatur.
526 1561 577 1624 De
593 1584 656 1646 quo
671 1571 703 1622 et
716 1561 835 1639 orarit,
864 1572 900 1623 ut
912 1561 1036 1639 integer
1044 1576 1126 1621 cum
1139 1559 1210 1619 ani-

94 1664 310 1731 meservetur
328 1673 363 1723 et
384 1683 533 1749 corpore3
567 1662 641 1747 quia
664 1659 850 1724 incredibile
869 1664 914 1723 est
935 1673 1031 1745 etque
1053 1660 1211 1744 blasphe-

95 1782 204 1840 mum,
236 1781 327 1824 orare
349 1762 542 1846 apostolum,
570 1773 606 1823 ut
626 1761 751 1847 spiritus
770 1765 894 1824 sanctus
914 1762 1039 1842 integer
1058 1765 1210 1837 servetur,

96 1862 154 1947 qui
175 1882 233 1925 nec
253 1862 512 1945 immutationem
536 1865 636 1948 potest
655 1863 815 1948 recipere,
846 1882 904 1924 nec
922 1864 1115 1947 proiectum.
1164 1860 1212 1923 De

97 1961 242 2024 humano
257 1970 357 2044 tergo,
382 1973 418 2025 ut
437 1961 595 2041 diximus,
618 1962 779 2049 spiritnin
795 1964 856 2024 hoc
872 1962 942 2025 loco
960 1963 1096 2048 apostoli
1113 1962 1213 2024 sermo

98 2050 230 2126 testetur
244 2063 318 2143 est„
335 2065 390 2143 (ci.
406 2087 436 2151 p.
455 2069 541 2144 627).
591 2064 630 2127 In
651 2061 787 2126 eandem
801 2061 884 2127 redit
901 2065 1108 2143 sententiam,
1129 2059 1216 2149 quod

98 2161 187 2250 apud
202 2161 389 2227 Gorderium
404 2166 436 2226 in
454 2162 573 2228 Catene
589 2164 628 2228 nd
643 2166 689 2229 Ps.
706 2164 746 2242 L,
764 2170 812 2229 rt.
837 2184 867 2249 p.
885 2177 964 2230 1002
977 2165 1117 2245 intelligi
1130 2164 1214 2249 posse

100 2263 146 2324 eit
161 2263 291 2325 nomine
307 2264 433 2348 spiritus
447 2277 501 2327 aut
517 2267 659 2351 spiritum
676 2269 834 2342 sanctum,
863 2277 921 2326 aut
936 2262 976 2326 τὸ
995 2265 1058 2329 τοῦ
1077 2256 1215 2348 ἀνθρώ-

102 2383 172 2428 που
186 2361 345 2443 (πνεῦμα)
360 2362 399 2426 τὸ
415 2359 452 2428 ἐν
464 2360 555 2450 αὐτῷ
568 2361 682 2450 ἕτερον
698 2357 736 2428 ὃν
746 2363 806 2450 τῆς
819 2362 881 2428 τοῦ
891 2356 1077 2451 ἀνθρώπου
1095 2365 1215 2449 ψυχῆς.

100 2462 297 2548 Plerumque
320 2485 397 2526 vero
424 2467 565 2527 animem
590 2477 623 2527 et
642 2467 787 2549 spiritum
809 2468 972 2527 communi
998 2468 1129 2529 animae
1155 2488 1219 2529 no-

101 2563 191 2626 mine
212 2562 456 2647 comprehendit
479 2561 605 2651 (ψυχὴν
622 2563 699 2646 μὲν,
728 2554 768 2651 ἣν
788 2563 847 2629 καὶ
867 2562 996 2646 πνεῦμα
1015 2562 1148 2652 φαμέν,
1178 2565 1218 2629 de

99 2672 141 2726 tr.
155 2660 199 2740 ΙΙ,
214 2675 266 2741 2ο,
287 2670 374 2746 289).
425 2664 561 2732 illinime
579 2664 710 2751 quidem
733 2687 875 2753 corpue
895 2669 941 2729 est
962 2680 1075 2731 natura
1095 2669 1220 2731 melum

102 2766 241 2844 (etenim
264 2766 315 2844 „ii
334 2768 526 2848 glorificatur
547 2765 637 2829 Deus
660 2766 695 2828 in
718 2787 849 2853 corpore
867 2768 1092 2832 hominum-
1111 2786 1125 2839 1
1145 2768 1217 2834 Cor.

103 2865 165 2947 VI,
187 2881 229 2934 20
246 2903 291 2915 —
311 2879 343 2930 et
362 2867 452 2931 Deus
472 2888 536 2929 uon
555 2867 747 2947 glorificetur
763 2869 797 2930 iu
815 2871 921 2948 malo,
951 2871 1082 2932 nonest
1102 2889 1218 2956 corpus

105 2979 219 3030 natura
240 2967 387 3029 malum”
408 2990 434 3033 c.
448 2965 586 3032 lilanich.
606 2990 638 3055 p.
652 2980 732 3049 ²⁰⁷3
758 2982 923 3053 praeterea
935 3003 979 3018 ·-
990 2971 1034 3032 ib.
1051 2992 1085 3055 p.
1102 2982 1165 3037 208
1177 3000 1220 3017 -·

105 3068 160 3145 „tt
187 3076 299 3129 natura
322 3068 445 3131 malum
463 3071 525 3149 est,
560 3089 625 3129 non
645 3069 748 3152 potest
767 3070 908 3157 recipere
926 3071 1219 3134 sanctificationem.

108 3167 146 3230 Si
163 3188 241 3230 vern
258 3169 386 3256 recipit,
416 3170 516 3258 liquet
535 3190 600 3232 non
618 3170 682 3230 esse
702 3178 814 3232 natura
829 3173 968 3252 melum,
998 3191 1072 3234 cum
1087 3171 1220 3232 bonita-

106 3278 174 3332 tem
189 3267 329 3354 recipiat.
377 3267 475 3349 Quod
493 3271 580 3333 enim
594 3282 707 3333 nature
724 3273 845 3333 malum
862 3274 924 3354 est,
953 3293 1019 3335 non
1040 3274 1143 3357 potest
1162 3292 1220 3334 cn-

105 3390 185 3456 pere
201 3371 342 3447 bunum,
363 3371 441 3434 ficut
454 3375 561 3435 rursus
574 3368 660 3459 quod
676 3382 788 3434 natura
800 3374 937 3452 bonum„
967 3393 1032 3435 non
1046 3374 1150 3457 potest
1164 3393 1221 3435 ca-

107 3490 187 3557 pere
205 3468 357 3534 mnium”
371 3472 444 3551 ἢ),
474 3484 584 3535 tamen
608 3450 777 3551 „a'nimam
797 3473 831 3535 in
850 3476 931 3553 sese,
959 3474 1050 3535 velut
1070 3473 1104 3535 in
1126 3494 1220 3537 caeca

107 3569 247 3634 custodia
267 3563 319 3653 (iv
335 3560 452 3658 τὺφλῷ
469 3568 641 3660 φρουρίῳ)
660 3573 813 3635 inclusam
832 3574 953 3637 habet''
976 3572 1032 3653 (de
1051 3586 1091 3638 tr.
1110 3572 1173 3652 lll,
1192 3588 1219 3654 1,

109 3677 187 3754 814)
203 3684 235 3735 et
246 3674 439 3736 contaminat
450 3671 505 3752 (de
522 3684 558 3735 tr.
567 3672 610 3750 ΙΙ,
623 3686 650 3751 1,
662 3679 747 3757 113).
790 3674 889 3737 ”Alia
902 3675 1019 3738 seilicet
1033 3676 1078 3735 ell
1092 3675 1220 3736 animae

107 3785 142 3836 et
156 3776 219 3837 alia
234 3775 335 3837 carnis
351 3774 549 3854 substantia„
570 3774 695 3854 (Enarr.
714 3774 749 3838 in
766 3773 932 3842 1Petri11.
953 3776 1074 3860 p.'824.
1088 3773 1162 3856 Β.),
1189 3786 1223 3839 et

112 3913 312 3935 -ι-ι-

143 3993 171 4063 ’)
190 3992 266 4047 Hinc
284 4009 352 4045 vern
372 3994 412 4048 eli
427 3995 535 4062 etiam,
561 3993 639 4066 quod
659 3994 727 4050 coil.
745 3993 844 4047 2Cor.
860 3993 954 4057 vt1,1
973 3991 1015 4047 ib.
1035 4009 1073 4045 nc
1087 3994 1222 4064 spiritum

181 4079 297 4149 quidem
309 4081 466 4135 secuudum
482 4081 668 4136 substantiam
684 4083 794 4137 bonum
809 4082 866 4136 esse
879 4081 1021 4152 Didymus
1035 4082 1119 4140 dicit.
