2572 4770
127 291 199 355 tao
338 336 341 341 .
446 234 533 367 Cup.
557 275 629 344 111.
681 210 943 367 flegmatica.-

123 462 290 527 rolnntate
311 454 433 545 patrie,
459 476 518 521 nee
536 455 592 542 qui
609 453 774 541 patiuntur
791 439 1062 541 persecutionem,
1089 478 1166 522 eam
1180 454 1240 525 oet

54 598 57 603 ·
124 562 292 626 voluntate
313 559 488 646 patiuntur.
547 556 631 622 Nam
655 578 673 619 e
698 553 825 618 duobus
851 556 1005 637 alterum,
1043 569 1101 621 aut
1120 560 1239 624 bonnm

121 660 205 751 quid
224 661 286 725 erit
302 658 497 747 persecutio,
525 669 656 745 propter
669 654 733 719 Dei
751 659 970 737 voluntatem,
998 670 1056 721 ant
1073 673 1172 723 erunt
1188 661 1238 725 in-

41 796 45 809 ·
124 766 249 842 sontes,
277 761 333 847 qui
355 757 530 822 decernunt
551 770 584 820 et
604 757 761 838 affligunt.
814 756 881 822 Sed
898 770 1007 821 tamen
1026 761 1112 822 nihil
1124 761 1237 827 sitfine

125 864 292 928 volontate
305 859 429 923 domini
442 859 670 924 universorum.
713 856 822 922 Restat
832 860 958 945 itaqua,
979 871 1015 922 ut
1031 862 1177 929 breviter
1187 863 1237 929 di-

126 984 256 1042 eemua,
276 982 332 1042 ea,
354 956 735 1047 quaattnthujusmodi,
770 960 901 1022 evenire
930 959 1019 1023 Deo
1046 984 1237 1052 nonrpro.

126 1067 298 1131 bibente
320 1056 381 1148 (μὴ
398 1054 608 1134 κωλύσαντος
627 1058 690 1123 τοῦ
703 1058 816 1142 θεοῦ).
850 1062 929 1157 'Hoc
948 1063 1037 1125 enim
1049 1064 1157 1131 solum
1172 1070 1237 1133 serh

19 1188 25 1207 ·
125 1176 183 1230 vat
202 1176 236 1228 et
255 1162 492 1250 providentiam
513 1171 545 1222 et
561 1160 738 1223 bonitatem
749 1160 824 1226 Dei.
865 1162 938 1226 Non
954 1165 1000 1224 eo
1017 1165 1117 1245 igitur
1129 1169 1238 1237 existi-

126 1262 301 1344 mandum,
322 1284 405 1326 eum
420 1258 584 1348 operando
603 1261 731 1324 efficere
749 1261 941 1326 afflictiones
959 1264 1054 1341 (absit
1072 1264 1180 1347 enim,
1203 1280 1236 1331 ut
1278 1296 1282 1303 ·

126 1368 191 1431 hoe
209 1366 265 1429 vel
280 1363 489 1445 cogitemus),
516 1358 571 1423 sed
585 1384 651 1424 non
662 1363 833 1448 prohibere
845 1383 920 1442 eos,
947 1364 1002 1449 qui
1019 1383 1076 1429 eae
1087 1368 1235 1448 efficiunt,

126 1467 311 1555 persuasum
334 1465 453 1537 habere
480 1464 649 1540 conuenit,
683 1475 778 1549 atque
805 1450 1236 1535 adversariorumfaoiuori-

125 1570 189 1633 hue
207 1566 256 1628 uti
272 1563 314 1628 ad
333 1567 456 1628 bonum
477 1554 523 1626 ex'
538 1564 578 1626 iia
602 1561 808 1626 eliciendum.
816 1564 836 1595 ''
882 1564 978 1627 Punit
996 1566 1131 1652 quidem
1152 1572 1235 1637 Dens

125 1668 292 1746 homines,
328 1662 521 1750 sedpunit,
554 1663 650 1726 utin
673 1664 791 1727 melius
815 1684 871 1728 eos
894 1678 998 1729 mutet
1028 1668 1188 1752 (Paed.1,
1206 1687 1233 1752 tt,
1268 1686 1273 1693 ·

120 1780 189 1841 ote
211 1770 295 1855 sqq.;
323 1762 386 1830 Str.
399 1764 474 1839 vll,
494 1776 525 1844 2,
551 1768 646 1844 835),
672 1761 810 1851 ideoque
832 1779 984 1829 nontam
1006 1770 1119 1854 punit,
1144 1795 1233 1860 quam

24 1874 30 1883 '
125 1869 253 1952 castigat
275 1868 353 1947 (Str.
373 1864 449 1945 vll,
477 1878 526 1945 16,
549 1870 637 1945 895).
686 1864 855 1929 Accedunt
875 1889 1003 1954 quoque
1021 1870 1106 1934 aliae
1131 1876 1232 1937 musae

47 1948 54 1961 ’
124 1966 278 2052 (sffilv,
299 1973 351 2046 24,
371 1968 464 2047 634),
494 1967 676 2046 „nimirum
695 1980 733 2029 ut
751 1967 793 2046 ii,
828 1969 881 2054 qui
905 1968 1033 2055 possunt
1057 1974 1137 2037 salvi
1159 1976 1229 2053 fieri,

124 2093 185 2160 per
202 2069 351 2153 exempla
369 2079 596 2152 praeparentur
618 2066 776 2130 admoniti
796 2061 906 2146 (ὅπως
922 2061 956 2131 oi
967 2062 1014 2132 δι’
1028 2060 1228 2159 ὖποδοιγμά-
1252 2094 1275 2149 ,ξ

125 2192 195 2237 των
218 2169 374 2254 σωθῆναι
394 2157 570 2243 δυνάμενοι
590 2164 927 2251 προςανακρούωνται
952 2168 1226 2255 νουθετούμενοι),
1270 2168 1274 2185 '

125 2282 161 2334 et
182 2268 277 2348 dein,
309 2289 350 2330 na
371 2267 418 2342 ie,
448 2266 504 2349 qui
516 2265 631 2342 injuria
645 2268 801 2347 afficitur,
824 2282 1009 2357 contemptu
1030 2272 1185 2341 habeatur
1199 2288 1227 2338 et

124 2380 220 2454 aptus
237 2369 275 2430 fir
287 2364 328 2427 ad
344 2364 493 2443 injuriam
509 2364 764 2449 accipiendam.”

210 2466 249 2531 In
267 2462 488 2550 providentiae
507 2483 604 2547 opere
619 2463 709 2529 Deus
729 2466 830 2530 utitur
846 2468 1065 2538 instrumentie
1086 2487 1121 2539 et
1137 2476 1224 2541 mini·

124 2568 196 2633 strie
215 2578 286 2630 tum
306 2565 394 2626 astris
416 2563 636 2642 („l'lurimi,”
665 2563 816 2632 Clemens
835 2571 879 2632 ait
894 2570 956 2636 Str.
970 2575 1030 2655 VI,
1047 2588 1097 2656 te,
1119 2590 1184 2647 ete
1199 2590 1221 2656 7,
1254 2570 1272 2633 '—

124 2688 308 2751 „unacum
329 2664 525 2753 philosophis
543 2666 713 2745 augmenta
732 2681 766 2730 et
783 2673 978 2736 mutationes
994 2678 1139 2745 tribuunt
1148 2681 1222 2745 atris
1251 2688 1279 2729 Β

123 2769 358 2857 principaliter,
390 2765 571 2850 privantes,
606 2765 694 2852 quod
714 2767 751 2831 in
772 2772 804 2832 se
831 2773 892 2849 est,
931 2775 1152 2845 universorum
1171 2802 1222 2869 pe-
1250 2814 1282 2833 --

122 2882 208 2935 trem
224 2867 379 2932 indefessa
397 2879 431 2928 et
447 2867 638 2930 inexhausta
658 2871 813 2954 potentia.
872 2872 1042 2942 Elementa
1067 2895 1174 2947 autent
1196 2891 1221 2945 et
1237 2868 1282 2933 5⁴2³

121 2972 219 3050 ostra,
246 2972 307 3032 hoc
328 2969 374 3031 est
391 2970 562 3053 potestates
583 2966 854 3052 administrantes,
882 2972 1028 3041 ordinata
1044 2983 1118 3046 sunt
1134 2982 1175 3048 etl
1190 3002 1220 3046 aa
1250 2994 1282 3049 τ’

47 3118 51 3127 .
121 3068 329 3157 exequenda,
357 3088 438 3154 quae
451 3065 580 3131 divinae
593 3073 800 3134 oeconomiae
818 3078 1029 3160 conveniunt,
1056 3103 1157 3173 caque
1170 3074 1227 3173 pe-¹
1249 3092 1282 3131 ἃ

120 3181 210 3250 rent,
238 3183 272 3232 et
291 3182 428 3251 aguntur
447 3168 489 3233 ad
509 3190 563 3250 ea,
592 3193 673 3257 quae
688 3174 759 3235 sunt
775 3174 823 3237 eia
836 3175 1008 3260 imperata,
1039 3204 1105 3268 quo
1119 3172 1153 3251 ea
1165 3184 1220 3249 tlu-

120 3271 207 3337 xerit
225 3273 360 3335 verbum
384 3269 524 3350 domini,
560 3271 821 3360 quandoquidem
841 3272 950 3340 divina
967 3285 1113 3366 potentia
1128 3286 1223 3350 omnia
1268 3302 1282 3329 ⁴

120 3374 244 3437 occulte
259 3373 384 3457 operari
399 3366 526 3454 solet;'’
553 3371 702 3458 Prophet.
718 3376 818 3456 eclog.
837 3380 862 3460 ᾗ.
879 3388 917 3443 65
938 3403 969 3465 p.
988 3396 1089 3453 1002=
1117 3387 1223 3469 „stat-
1267 3398 1282 3427 ⁴

103 3472 216 3552 :ne,”
237 3472 341 3557 inquit
354 3474 474 3553 noster,
505 3495 703 3559 „corpora
723 3476 936 3560 spiritalia
959 3477 1225 3565 (σώματαπνεψ
1269 3486 1282 3527 ³

118 3564 277 3655 maxi),
307 3573 422 3658 quibus
441 3593 516 3634 cum
533 3575 654 3652 angelis
667 3576 836 3660 praesectis
851 3582 897 3642 est
910 3602 1018 3648 rerum
1031 3586 1236 3657 admintttw·

117 3675 167 3745 tio
202 3672 397 3751 communis,
439 3694 505 3734 non
541 3671 672 3758 quidem
701 3678 914 3755 generationis
942 3677 1014 3748 sunt
1038 3689 1126 3775 ipsae
1152 3712 1227 3757 cau⁴
1280 3700 1282 3711 '

116 3784 189 3854 tae,
214 3774 301 3855 signa
322 3793 400 3835 vero
418 3775 490 3835 sunt
509 3793 638 3854 eorum,
668 3780 856 3861 quaesunt,
888 3802 970 3866 quae
988 3788 1096 3853 sutura
1115 3794 1231 3857 suntet
1253 3830 1259 3839 ·

117 3893 201 3961 quae
228 3873 315 3959 prius
341 3875 545 3953 exstiterunt,
578 3876 614 3936 in
638 3878 836 3942 vertentibus
865 3885 948 3946 coeli
972 3893 1131 3975 temperie
1154 3885 1232 3957 anni
1248 3870 1282 3949 'i

115 3975 379 4059 tempestatibus,
434 3977 469 4035 in
506 3975 635 4054 frugum
678 3980 823 4043 ubertate
862 3985 960 4048 etiam
1005 4002 1038 4051 et
1079 3996 1261 4080 penurias

115 4089 152 4151 in
179 4074 319 4157 pestibus
340 4096 375 4135 ac
398 4075 536 4136 febrium
554 4074 737 4161 ardoribus,
773 4082 810 4142 in
826 4081 975 4149 homines
997 4109 1079 4157 vero
1095 4114 1153 4159 nee
1170 4106 1236 4181 per

114 4172 276 4279 somnium
295 4173 447 4240 virtutem
466 4176 561 4261 usuam
582 4190 719 4244 exerunt
741 4181 837 4265 astrru
877 4191 922 4252 ast
940 4186 1084 4259 indicant
1100 4204 1170 4259 tum
1188 4206 1238 4259 ea
