2572 4770
141 204 240 301 sis·
393 306 405 326 ὁ
460 219 548 312 Cap.
574 218 644 291 111.
694 218 925 313 Dogmotica.
977 226 1009 293 N
1180 276 1183 281 .

120 454 122 459 -
136 409 240 473 solum
251 423 325 469 cum
343 403 488 485 Graecis,
509 401 563 467 sed
577 403 674 467 etiam
688 423 760 477 cum
774 403 913 470 barbaris
927 406 1099 474 habuerint
1111 411 1251 478 consue-i

127 508 301 593 'tudinem
321 529 341 570 a
353 508 516 571 communi
529 505 571 569 ad
584 505 744 591 propriam
758 504 1004 589 intelligentiam
1019 513 1251 593 exercitatione

113 602 298 676 *ducuntur
312 609 352 674 ad
364 607 482 689 fidem3
507 619 658 694 tauquam
676 607 887 672 fundamento
905 621 1012 674 autem
1028 616 1174 702 suscepta
1184 637 1251 680 ve-

136 717 231 779 ritate
251 711 416 798 acquirunt
437 708 535 774 etiam
552 709 736 772 ulteriorem
759 712 937 796 potentiam
958 713 1186 796 progrediendi
1207 716 1249 782 ad

137 813 383 902 inquirendum,
411 823 445 877 et
465 811 581 875 exhinc
602 812 649 875 eis
670 809 801 895 quidem
822 825 945 892 gratum
964 817 1009 877 est
1028 812 1164 898 discere,
1188 841 1248 887 cu-

137 918 264 1004 pientes
282 927 392 978 autem
405 913 618 993 cognitionem
638 929 755 992 magno
767 911 870 975 studio
892 913 1089 980 contendunt
1102 916 1145 980 ad
1158 920 1248 983 salu-

136 1017 250 1098 tem;‘'
270 1016 314 1080 ib.
329 1027 457 1101 pam:
480 1038 500 1093 p,
509 1011 575 1094 Qui
591 1033 666 1092 ergo
682 1010 792 1075 dicunt
806 1015 1041 1100 philosophiam
1053 1039 1122 1082 non
1133 1021 1249 1084 venire

136 1123 201 1186 huc
217 1141 237 1182 a
250 1117 339 1192 Deo,
357 1115 507 1189 videntur
519 1114 653 1178 omnino
666 1111 789 1194 dicere,
815 1117 886 1178 fieri
899 1138 968 1205 ¹non
982 1119 1086 1203 posse,
1108 1132 1144 1182 nt
1155 1119 1248 1187 Deus

119 1214 247 1287 'uideat
274 1218 382 1282 omnia
411 1217 595 1297 singularia,
631 1236 737 1303 neque
762 1238 838 1279 eum
864 1218 926 1281 esse
946 1220 1072 1281 causam
1087 1222 1249 1287 bonorum

135 1321 301 1398 omnium,
331 1316 487 1404 siquidem
506 1316 758 1403 unumquodque
779 1339 889 1381 eorum
908 1319 946 1380 sit
961 1341 1004 1381 ex
1018 1320 1248 1408 singularibus;

137 1443 253 1487 verum
267 1420 348 1483 nihil
364 1441 406 1481 ex
417 1420 477 1498 iia,
500 1440 581 1503 quae
596 1422 685 1499 suut,
705 1422 837 1483 omnino
853 1421 989 1482 constitit
1008 1422 1140 1485 nolente
1155 1423 1249 1510 Deo;

136 1522 250 1611 quodsi
263 1542 302 1583 eo
317 1521 463 1597 volente,
484 1531 554 1583 tum
569 1522 614 1581 est
627 1518 724 1582 aDeo
739 1521 955 1606 philosophia,
974 1543 1047 1584 cum
1059 1525 1160 1589 talem
1172 1528 1247 1608 esse,

137 1626 240 1711 qualis
261 1624 322 1699 est,
351 1622 414 1682 esse
432 1621 531 1704 ipsam
548 1622 687 1684 voluerit
707 1634 836 1708 propter
856 1642 929 1699 eoa,
957 1621 1098 1706 quinon
1116 1626 1249 1690 aliaru-

137 1725 227 1787 tione
249 1723 445 1786 abstinerent
470 1742 488 1782 a
519 1724 612 1785 malis
617 1724 655 1796 ,”
690 1736 723 1786 et
741 1748 772 1810 p.
794 1732 873 1788 823:
906 1720 1049 1800 „Merito
1069 1724 1249 1805 igitur-Jo-

137 1826 227 1892 daeis
248 1829 319 1904 lex,
348 1820 476 1887 Graecis
496 1834 606 1885 autem
629 1821 701 1887 data
722 1827 768 1886 est
787 1823 987 1908 philosophia
1003 1844 1105 1909 usque
1126 1824 1169 1890 ad
1183 1823 1247 1890 ad-

137 1940 290 2007 ventum3
319 1947 361 1989 ex
382 1946 421 1989 eo
444 1935 552 1986 autem
572 1937 717 2010 tempore
735 1924 920 1986 universalis
932 1926 978 1984 est
989 1924 1114 2003 vocatio
1129 1923 1171 1988 ad
1182 1949 1247 2015 pe-

136 2032 290 2095 culiarem
307 2030 464 2114 populum
483 2027 634 2106 justitiae,
661 2047 719 2111 per
736 2046 809 2088 eam
827 2044 908 2109 quae
926 2027 971 2086 est
989 2045 1031 2086 ex
1045 2021 1111 2089 fide
1123 2023 1246 2092 doctri-

133 2142 229 2211 nam,
251 2144 309 2216 per·
322 2148 422 2191 unum
436 2135 644 2206 congregante
658 2124 807 2206 domino,
836 2125 890 2211 qui
905 2126 949 2186 est
961 2147 1045 2188 unus
1057 2126 1145 2192 solus
1156 2126 1245 2193 Deus

134 2236 323 2307 amborum,
337 2227 530 2293 Graecorum
544 2227 660 2288 scilicet
673 2237 706 2287 et
719 2228 941 2305 barbarorum,
958 2226 1011 2288 vel
1026 2228 1134 2311 potius
1147 2231 1243 2293 totius

134 2333 271 2395 humani
285 2328 420 2410 generis.
470 2326 704 2408 Philosophiam
725 2329 939 2412 autemsaepe
955 2324 1096 2393 diximus
1109 2327 1145 2391 id
1159 2327 1243 2417 quod

134 2452 193 2517 per
218 2426 450 2515 philosophiam
471 2427 642 2510 assequitur
663 2426 849 2506 veritatem,
882 2427 1005 2490 etiamsi
1023 2431 1158 2515 partiale
1169 2445 1243 2494 tan-

134 2531 242 2595 tum.'’
290 2527 437 2610 Denique
455 2536 633 2587 memoratu
655 2522 852 2602 dignissimus
874 2532 918 2590 est
937 2530 1026 2606 locus
1042 2530 1104 2595 Str.
1121 2531 1197 2609 vlt,
1213 2544 1240 2612 3,

136 2644 215 2699 889:
243 2619 437 2710 Φιλοσοφία
455 2613 476 2708 ἡ
497 2617 649 2708 {taqua}
663 2613 982 2714 olov'rcpoxasalpci
995 2629 1052 2693 καὶ
1063 2629 1242 2717 προοθίζεο

132 2728 194 2819 μὴν
213 2725 324 2815 ψιαὴο
342 2719 390 2803 οἷς
408 2717 602 2810 παραδοχὴν
620 2719 777 2803 πίστεως.
829 2728 878 2792 Cf.
902 2751 1029 2816 quoque
1053 2729 1116 2795 Str.
1134 2731 1193 2811 VI,
1211 2745 1239 2812 6,

132 2844 214 2911 7613
237 2845 266 2910 8,
283 2843 354 2896 771.
386 2826 598 2912 ¹Philosophia
610 2827 706 2927 igitur
718 2829 850 2915 (quippe
864 2850 946 2914 quae
962 2832 1135 2895 veritatem
1155 2830 1240 2897 desi-

131 2930 244 3011 derare
258 2952 317 2995 nos
330 2928 458 3007 doceat)
471 2924 510 2990 de
519 2926 693 2992 Clementis
705 2929 859 2993 senteutia
872 2931 960 2994 viam
972 2933 1079 2999 munit
1090 2930 1240 2997 adsedem

131 3035 298 3095 accessero.

214 3130 353 3195 Fidem
367 3129 533 3196 Clemente
548 3129 653 3209 judice
667 3132 764 3195 habet
777 3131 821 3212 is,
837 3133 888 3196 cui
902 3132 1071 3198 adrerum
1082 3124 1240 3217 indagan-

129 3229 208 3295 dum
224 3231 331 3297 divina
346 3233 530 3295 auctoritate
545 3253 626 3319 opus
641 3234 702 3311 est,
725 3233 842 3318 quique
858 3235 941 3297 banc
955 3234 1127 3320 scripturae
1139 3238 1240 3301 sacrae

125 3333 238 3411 tribuit
255 3338 472 3420 summamque
486 3355 616 3413 eorum,
640 3355 721 3420 quae
732 3334 806 3397 libri
823 3336 900 3397 sacri
913 3357 986 3398 oum
997 3334 1170 3401 traditione
1184 3359 1240 3403 ec-

127 3436 293 3501 clesiastica
311 3434 442 3514 docent,
468 3431 699 3498 credendorum
713 3438 856 3514 regulam
869 3437 971 3522 ponit.
1019 3437 1087 3502 Nos
1102 3438 1240 3503 brevitet

53 3618 64 3627 α
123 3533 313 3618 hujusmodi
325 3533 424 3596 fidem
436 3537 640 3599 nominamus
654 3536 853 3614 objectivam.
895 3535 1031 3617 Quoties
1046 3539 1129 3633 hanc
1142 3536 1239 3603 tidem

127 3641 240 3725 (quam
252 3634 382 3723 quidem
395 3657 459 3698 non
476 3657 534 3721 per
548 3641 580 3700 se
595 3636 779 3717 considerat,
792 3636 846 3700 sed
860 3650 1013 3725 tanquam
1024 3638 1065 3702 iis
1078 3643 1239 3728 propriam

125 3739 328 3817 hominibus,
356 3738 427 3823 qui,
450 3739 567 3823 quippe
582 3740 799 3825 philosophico
813 3738 943 3817 ingenio
960 3740 1014 3801 vel
1029 3754 1175 3806 carentes
1188 3741 1238 3806 vel

126 3861 193 3911 non
213 3851 355 3918 utentes,
386 3838 515 3899 altiores
536 3837 576 3900 de
589 3861 627 3901 ea
640 3838 874 3923 disquisitiones
892 3838 1096 3925 repudient),
1116 3842 1238 3929 quoties

125 3939 223 4022 igitur
236 3942 317 4004 hano
333 3936 433 4002 sidem
448 3935 598 4002 Clemens
610 3939 762 4019 intelligit
786 3941 988 4026 (praecipuos
1007 3951 1135 4023 autem,
1165 3942 1239 4031 qui-

120 4041 186 4104 ·bua
199 4042 290 4104 aliter
304 4038 422 4104 deside
436 4038 550 4146 seqtire
568 4037 714 4118 uidetur,
736 4039 824 4102 locos
837 4038 921 4103 insta
935 4042 1157 4124 tractabimus,
1185 4040 1240 4107 ubi

127 4135 168 4203 de
184 4140 416 4209 conditionibus
433 4160 581 4226 agemus,
602 4139 718 4230 quibus
737 4140 872 4230 salutem
891 4139 1127 4229 percuratum
1139 4160 1240 4231 repe-2
1263 4178 1269 4185 ·
