2572 4770
49 194 52 205 Ι
77 194 102 275 ¹.
142 216 215 289 284
464 192 552 303 dap.
577 208 649 279 ΙΙΙ.
697 205 929 299 flegmatica.

138 394 207 461 ”In
225 384 359 458 homine
382 403 417 455 et
438 390 606 455 manifeste
623 386 755 467 ¹divinae
775 386 923 468 imaginis
944 390 1176 469 cognoscuntur
1195 388 1246 452 in-

140 495 241 570 dicia,
275 498 348 557 nors
365 513 423 579 per
443 492 583 573 effigiem
604 491 742 576 corporis
762 509 843 576 quae
864 489 1094 574 corrumpitur,
1122 487 1177 551 sed
1193 512 1246 577 per

137 596 243 685 animi
264 592 483 681 prudentiam,
516 611 574 677 per
599 590 766 670 justitiam,
805 612 864 678 per
885 588 1162 672 moderationem,
1192 613 1245 678 per

140 696 312 774 virtutem,
340 715 398 782 per
416 692 620 780 sapientiam,
647 711 705 777 per
722 688 941 778 disciplinam,
961 712 1170 777 peromnem
1189 690 1243 757 de-

65 796 69 803 '
141 796 240 883 nique
262 795 417 858 virtutum
436 795 585 873 chorum,
621 814 702 879 quae
728 812 801 855 cum
818 791 890 857 Deo
914 793 1010 854 insint
1028 812 1088 878 per
1105 795 1242 855 substan-

140 898 237 977 tiam,
264 896 298 958 in
317 897 449 959 homine
469 896 598 981 possunt
615 896 678 955 esse
697 913 754 977 per
767 891 954 956 industriam
972 905 1005 957 et
1021 913 1081 978 per
1091 893 1240 957 imitatio-

50 984 57 1009 ‘
139 1018 218 1061 nem
235 995 328 1076 Dei„
350 994 404 1075 (de
422 994 523 1081 princ.
542 993 602 1073 IV,
625 1005 674 1060 37.
697 1016 729 1079 p.
746 998 830 1074 194).
878 994 991 1058 Nostra
1009 995 1127 1058 scilicet
1144 996 1239 1075 imago

140 1096 207 1161 Dei
226 1098 309 1159 nihil
327 1099 373 1159 est
390 1096 449 1157 nili
468 1096 573 1174 imago
594 1092 656 1157 τοῦ
674 1085 793 1176 λόγου,
828 1095 883 1179 qui
902 1098 946 1157 est
964 1116 1041 1157 vera
1060 1093 1124 1157 Dei
1144 1096 1239 1175 imago

66 1258 68 1263 ,
142 1196 352 1278 (romulu.
370 1197 406 1258 in
423 1195 503 1261 Luc.
524 1194 589 1257 vol.
606 1194 665 1272 111,
687 1199 774 1275 atr).
824 1193 911 1256 Haec
934 1196 1040 1275 imago
1060 1199 1125 1275 jam
1145 1198 1238 1282 primo

139 1296 176 1360 in
201 1297 334 1360 homine
359 1308 427 1359 erat
448 1296 608 1380 exprefl'a,
642 1298 750 1381 estque
775 1292 878 1357 adhuc
899 1297 1080 1358 conservata
1109 1298 1238 1375 (nullum

141 1397 230 1460 enim
250 1398 284 1459 in
298 1394 582 1485 scriptqurigenia
599 1395 768 1475 vestigium
787 1395 988 1475 invenimus,
1017 1419 1081 1483 quo
1102 1420 1239 1460 commo-

140 1517 275 1560 veamur
292 1495 474 1581 adstipulari
488 1494 669 1580 Epiphanio
687 1496 775 1561 haer.
792 1494 917 1575 LXIV,
934 1505 953 1561 4
975 1500 1142 1581 asserenti,
1168 1498 1239 1564 Ori-

139 1616 255 1676 genem
277 1595 406 1675 dixisse,
438 1592 608 1682 perdidisse
628 1596 802 1676 imaginem
824 1595 887 1660 Dei
903 1596 1102 1680 Adamum),
1131 1620 1238 1686 quam-

138 1719 238 1783 quam
258 1698 439 1784 peccatis
460 1699 584 1784 semper
603 1694 735 1785 polluta.
785 1695 840 1759 Ad
861 1696 1036 1761 doctrinam
1059 1698 1100 1763 de
1120 1712 1237 1786 peccato

24 1864 33 1885 ,
138 1799 279 1886 pertinet
304 1800 435 1863 historia
452 1796 583 1861 Adarni.
639 1795 738 1877 Quod
762 1795 809 1859 de
835 1798 987 1862 Adamo
1015 1813 1176 1881 narratur,
1208 1798 1237 1862 id

139 1920 208 1962 non
230 1902 275 1964 est
301 1898 342 1963 ed
361 1900 488 1963 literam
508 1896 729 1984 accipiendum
755 1896 812 1978 (de
833 1901 931 1984 princ.
951 1900 1013 1978 lv,
1035 1914 1083 1968 16,
1105 1926 1137 1988 p.
1161 1906 1235 1991 1¹7⁵),

138 1998 195 2064 sed
207 2001 387 2083 allegorice.
433 2001 545 2086 Neque
557 2011 667 2062 tamen
679 2001 740 2079 est,
766 2000 852 2085 quod
864 1999 968 2065 rideas
982 2003 1144 2064 historiam
1156 2004 1237 2064 istam

138 2112 177 2164 ut
189 2124 307 2185 nugas;
328 2105 373 2165 ell
390 2102 498 2192 potine
513 2098 600 2187 quod
615 2099 781 2164 admireris
800 2091 845 2177 ὡς
859 2097 894 2166 ἐν
908 2094 1010 2188 μύθῳ
1031 2096 1238 2190 φιλοσοφού-

27 2242 38 2251 -
137 2224 222 2284 μενα
244 2207 286 2285 (c.
308 2201 531 2284 cett.1v,ee.
556 2224 588 2287 p.
606 2207 692 2283 ⁵31).
741 2201 1003 2285 „DeAdam0”,
1032 2205 1078 2265 ait
1096 2205 1139 2268 ib.
1165 2210 1188 2289 q.
1202 2214 1236 2269 to

137 2324 171 2390 p.
193 2312 270 2383 534,
308 2307 470 2389 „ejusque
489 2315 618 2389 peccato
641 2303 962 2388 philosophabantur,
996 2306 1113 2391 quibus
1134 2319 1237 2368 notum

138 2404 219 2482 erit,
240 2402 387 2466 hebraica
398 2423 479 2464 voce
491 2401 599 2464 Adam
611 2404 777 2482 significari
789 2406 973 2487 hominem,
995 2416 1028 2469 et
1039 2406 1073 2467 in
1088 2407 1144 2480 iis,
1166 2426 1238 2492 quae

137 2502 243 2569 Molee
265 2502 305 2565 de
317 2499 446 2593 Adamo
466 2500 570 2564 dicere
587 2501 732 2583 videtur,
754 2503 886 2568 describi
900 2517 1046 2569 naturam
1059 2508 1237 2570 humanam.

136 2604 265 2668 Etenim
286 2624 417 2683 omnes,
449 2615 487 2665 ut
504 2602 655 2688 scriptura
675 2607 821 2686 testatur,
852 2609 887 2669 in
907 2606 1037 2671 Adamo
1055 2610 1238 2685 moriuntur,

136 2717 171 2771 et
196 2704 399 2769 condemnati
424 2706 497 2766 sunt
520 2703 554 2764 in
575 2703 782 2768 similitudine
805 2708 1083 2794 praevaricationis
1106 2708 1238 2789 Adami3

134 2809 181 2873 ita
192 2820 229 2871 ut
242 2806 351 2871 divina
365 2806 515 2892 scriptura
530 2825 595 2866 non
610 2816 676 2867 tam
689 2804 730 2868 de
746 2829 810 2870 uno
826 2808 965 2894 quodam
977 2811 1128 2890 homine,
1150 2830 1238 2896 quam
1277 2780 1280 2891 1

136 2907 179 2974 de
199 2910 344 2973 universo
364 2927 481 2989 genere
496 2908 655 2993 loquatur.
697 2906 781 2972 Nam
798 2909 908 2972 videre
922 2913 966 2973 est
979 2912 1015 2973 in
1027 2911 1109 2973 serie
1123 2931 1237 2987 eorum,

135 3031 218 3097 qnae
239 3023 391 3098 tanquam
414 3007 455 3073 de
478 3028 544 3069 uno
565 3004 729 3088 dicuntur,
758 3008 1019 3075 maledictionem
1037 3012 1169 3076 Adamo
1188 3014 1237 3074 in-
1276 2958 1280 3065 i

133 3112 255 3175 slictam
283 3113 431 3175 omnium
460 3111 524 3172 else
550 3123 770 3188 communem,
803 3112 881 3174 sicut
908 3134 991 3198 quae
1015 3115 1165 3195 mulieri,
1200 3109 1235 3175 ad

133 3232 266 3275 omnem
279 3214 450 3276 mulierem
461 3209 631 3301 pertinere.
666 3209 752 3276 Item
765 3210 851 3297 quod
864 3214 964 3275 homo
976 3227 1010 3276 et
1023 3217 1143 3278 mulier
1154 3236 1233 3301 epa-

132 3309 236 3375 radiso
257 3314 352 3391 ejecti
371 3317 460 3395 lunt,
487 3312 592 3375 induti
608 3313 908 3399 tunicaspelliceas,
937 3316 1103 3400 quaeipsis
1115 3328 1233 3402 propter

131 3414 273 3503 ipsorum
290 3426 455 3501 peccatum
467 3414 558 3479 Deus
571 3417 706 3495 fecerat,
732 3413 767 3476 id
780 3416 967 3495 mysterium
982 3415 1147 3501 quoddam
1163 3439 1232 3480 con-

132 3515 216 3580 tinet
234 3514 337 3577 multo
357 3516 581 3600 praestantius,
618 3537 716 3602 quam
737 3513 823 3600 quod
840 3514 931 3576 Plato
952 3515 1050 3581 tradit
1074 3520 1116 3584 de
1139 3521 1229 3584 anima

133 3616 251 3681 evulsit
268 3616 328 3678 alia
340 3616 403 3677 huc
419 3613 568 3695 cadente,
595 3615 697 3680 donec
711 3616 833 3704 aliquid
844 3617 937 3679 solidi
948 3623 1159 3701 nanciscatur,
1185 3615 1229 3683 uti

133 3716 316 3782 consistat.”
365 3714 421 3795 (ln
441 3715 576 3778 Selectie
601 3716 636 3778 in
663 3716 776 3783 Genes.
805 3719 870 3781 vol.
893 3717 936 3797 ΙΙ,
962 3732 1002 3786 29
1028 3725 1109 3787 haee
1130 3725 1227 3788 habet:

133 3816 255 3900 „Quid
271 3816 450 3880 existimare
471 3814 625 3882 dehemus
641 3821 704 3883 esse
715 3822 819 3882 vestes
837 3821 910 3881 illae
929 3824 1105 3907 pelliceas?
1138 3820 1228 3889 Valde

131 3918 265 4005 quidem
283 3915 432 3981 stolidum
453 3920 550 3982 estet
572 3921 656 3982 anile
669 3920 805 4009 Deoqae
824 3923 958 3985 minime
975 3922 1129 4008 dignum,
1155 3923 1228 3990 arbi·

133 4019 211 4082 trari
223 4020 330 4083 Deum
349 4019 451 4105 pellea
470 4018 657 4087 animalium
677 4025 893 4105 jugulatorum
913 4037 968 4088 aut
984 4029 1079 4091 aliter
1095 4040 1226 4093 mortua-
1269 4068 1272 4075 ·

106 4144 109 4151 ·
132 4138 207 4185 rum
224 4120 393 4209 accepisse,
424 4130 457 4187 et
473 4117 550 4186 iude
571 4124 674 4209 pelles
689 4126 762 4192 illae
780 4125 978 4211 consuendo,
1003 4131 1130 4199 coriarii
1139 4144 1227 4206 mort.
1267 4144 1273 4243 ξ
