2572 4770
367 298 392 341 ι,
440 266 443 271 ’
509 260 701 360 Didymus.
1105 254 1155 345 id

39 429 244 537 pnm'se'rena
255 448 386 529 mybica
400 456 433 512 et
443 426 993 536 consultissimebrpouqdeorciruc)
1003 446 1158 542 loquitur}

41 551 231 632 mysterium
246 551 344 613 hocce
360 552 540 631 (trinitatis,
565 552 626 639 τῆς
637 547 805 636 τριάδος),
830 550 915 637 quod
934 557 1040 639 postea
1059 568 1158 643 pate-¹

42 651 259 729 tactumtuit,
281 652 488 732 aenigmatice
500 653 607 737 potina
619 653 730 715 multia
744 654 777 714 in
791 654 868 715 locis
879 652 1039 736 indicans,
1060 652 1158 744 quarn

43 754 83 815 in
104 772 172 814 uno
192 750 369 838 eodemque
390 755 582 841 explanans,
609 773 645 815 ac
658 753 752 815 simul
764 755 865 833 magis
884 755 966 818 illud
983 742 1158 845 explicans:

44 872 154 940 quam
168 853 294 915 obseura
313 852 477 935 indican53
506 876 559 917 ne·
572 853 688 916 scilicet
706 866 762 916 ao't
783 874 856 935 ece,
883 858 937 942 qui
958 859 1072 923 initiati
1091 852 1158 926 no'u¹

47 966 159 1033 erant,
187 954 304 1040 quique
324 953 467 1017 nondum
491 956 565 1018 satia
580 950 665 1016 sinai
685 953 877 1042 divinaeque
895 958 1082 1038 cognitionis
1102 962 1162 1025 cat-¹

48 1074 149 1143 pacet
159 1056 351 1132 existebant,
379 1058 544 1142 repentina
562 1055 764 1141 impressione
777 1060 979 1143 percelleret,
1001 1075 1056 1124 aut
1070 1062 1161 1129 omni

50 1178 108 1220 eoa
128 1154 249 1217 damno
266 1157 425 1237 afficeret3
451 1156 534 1219 illud
554 1159 641 1220 enim
659 1160 735 1220 esset
754 1159 949 1245 imperitiae,
971 1163 1031 1225 hoc
1049 1162 1162 1230 autam'

48 1257 306 1323 inhumanitatis.
346 1258 449 1343 Saepe
466 1279 543 1321 vero
563 1258 662 1327 etiam
678 1279 806 1337 eorum,
833 1282 914 1347 quae
937 1282 980 1325 ex
999 1266 1163 1331 occasione

52 1382 119 1425 uno
131 1360 168 1422 iu
180 1361 251 1421 loeo
266 1358 357 1420 nobis
372 1356 454 1420 dixit
472 1358 513 1421 ad
528 1358 866 1449 comprehendendum
886 1360 1043 1444 diflicilia,
1071 1352 1164 1429 soluss·

52 1465 176 1525 tione'm
196 1459 506 1545 explicationemque
527 1462 591 1524 alio
606 1462 642 1523 iu
661 1462 799 1547 capitulo
817 1467 968 1548 praebere
991 1468 1163 1536 consuevit.

52 1563 184 1628 Novum
202 1572 311 1623 autern
327 1560 410 1625 Test.
428 1583 493 1625 oon
512 1566 577 1641 jam
599 1573 750 1647 tanquam
769 1563 804 1623 in
821 1566 933 1626 umbra
952 1576 985 1626 et
1002 1568 1057 1629 sub
1077 1567 1164 1651 velo,

54 1664 107 1728 sed
129 1663 300 1727 manifesto
327 1674 360 1724 et
385 1664 529 1748 expresse
550 1662 729 1747 loquitur.”
775 1662 890 1726 Psalmi
908 1664 1101 1747 LXXXIII,
1124 1674 1165 1737 18

54 1767 155 1829 verba
181 1764 244 1843 „in
262 1758 371 1824 medio
395 1764 524 1825 terrae”
551 1762 592 1824 de
609 1761 767 1842 Golgotba
790 1762 850 1842 (de
865 1777 904 1826 tr.
925 1764 952 1843 I,
975 1777 1023 1846 15,
1044 1772 1105 1848 ss)
1130 1780 1166 1835 at

54 1867 128 1931 tobi
143 1864 211 1930 XL
227 1886 351 1927 comma
368 1878 417 1930 10.
432 1867 496 1949 sqq.
513 1861 554 1925 de
574 1861 701 1924 diabolo
722 1864 792 1924 vult
809 1864 1043 1945 intelligantur,
1070 1882 1168 1956 atque

10 1994 12 2049 ς
56 1968 113 2030 tabi
132 1967 299 2050 scriptores
313 1966 442 2028 Veteris
456 1964 494 2027 T.
512 1963 676 2024 brachium
689 1962 753 2024 Dei
772 1974 828 2024 aut
847 1959 1012 2028 dexteram
1025 1965 1087 2029 Dei
1104 1982 1172 2031 noi
1206 1988 1209 1993 ⁴

10 2052 15 2165 q
57 2070 200 2143 minant,
232 2066 335 2128 silium
355 2063 420 2127 Dei
436 2065 663 2148 interpretatur
680 2061 737 2140 (de
756 2073 794 2124 tr.
815 2062 840 2142 I,
861 2077 890 2137 9,
913 2075 950 2130 ts
972 2078 1005 2128 et
1022 2068 1169 2151 pluribus

58 2170 137 2232 locis
162 2168 268 2230 libror.
295 2165 335 2228 de
356 2167 399 2251 sp.
422 2167 487 2240 sto,
527 2164 574 2225 uti
597 2162 816 2243 lilingarellius
837 2166 1014 2228 observavit
1037 2167 1079 2232 ad
1106 2170 1169 2237 l.l.

59 2282 124 2333 not.
147 2271 194 2347 ⁶).
245 2266 380 2351 Saepius
404 2285 532 2350 quoque
552 2266 586 2326 in
607 2266 766 2343 allegoriis
787 2268 962 2351 acquiescit.
1014 2265 1111 2347 Quod
1128 2268 1171 2336 ad

61 2364 360 2445 demonstrandum,
390 2367 544 2429 nonnulla
563 2385 582 2426 e
597 2366 651 2428 lib.
667 2365 709 2430 II.
729 2363 769 2428 de
783 2368 923 2430 trinitate
938 2368 1040 2454 capite
1055 2377 1092 2438 14
1107 2391 1174 2434 ex·-

60 2473 241 2537 scribemua.
283 2466 355 2546 Peg.
370 2477 431 2532 263
450 2470 513 2552 sqq.
534 2485 636 2551 aquae
654 2467 851 2551 baptismalis
875 2472 1068 2533 sanctitatem
1089 2493 1173 2535 con-

62 2575 248 2635 firmaturus
267 2569 395 2629 historia
418 2569 675 2645 antechristiana,
709 2568 833 2631 traditis
854 2572 960 2634 verbis
980 2570 1101 2636 IiIolist²
1130 2572 1173 2638 Et

63 2674 190 2759 spiritus
226 2668 348 2731 domini
381 2672 543 2731 serebatur
580 2671 674 2754 super
711 2691 829 2757 aquae,
871 2683 904 2733 et
937 2671 1072 2735 Davidia
1102 2673 1172 2754 (Pl.

65 2770 226 2850 XXVIII,
241 2776 292 2851 8):
323 2769 482 2832 Dominus
500 2773 594 2853 super
616 2790 713 2855 aquas
731 2774 865 2850 multas,
893 2771 969 2851 „Aa
985 2772 1018 2833 id
1033 2773 1176 2858 ipsum,”

65 2876 184 2961 pergit,
215 2872 336 2951 „struul
353 2891 395 2932 ex
417 2892 455 2933 eo
479 2871 576 2933 etiam
592 2871 664 2932 satia
679 2870 868 2949 ostenditur,
896 2870 982 2956 quod
995 2874 1085 2959 supra
1098 2873 1176 2935 Jor-
1276 2898 1280 2905 ·

67 2968 159 3039 danis
172 2975 311 3051 fluenta,
338 2971 417 3035 dum
433 2971 582 3034 domiuus
600 2971 835 3055 baptizabatur,
857 2974 1037 3058 apparuerit
1050 2974 1178 3059 spiritua

68 3078 210 3153 sanctue,
232 3085 265 3136 et
277 3074 424 3136 manserit
440 3077 534 3159 super
550 3093 635 3135 eum.
686 3072 844 3159 Apparuit
862 3086 970 3134 autem
982 3084 1059 3135 tuuc
1072 3075 1104 3135 in
1120 3094 1179 3137 cu-

68 3178 199 3239 lumbae
220 3175 340 3259 specie,
369 3176 524 3260 quiahoc
545 3162 664 3236 adiuml
684 3185 717 3234 et
734 3175 870 3259 simplex
891 3175 936 3235 est
957 3184 989 3234 et
1008 3175 1072 3236 bile
1085 3188 1179 3240 caret.

70 3278 129 3341 Ait
144 3276 232 3339 enirn
250 3274 407 3338 Christus:
438 3274 544 3336 Estote
564 3274 721 3361 simplices
742 3275 820 3335 sreut
839 3274 1014 3338 columbae.
1059 3274 1184 3355 Quodsi

10 3414 12 3425 ·
71 3381 169 3442 etiam
187 3398 206 3439 e
219 3396 368 3454 numero,
398 3377 452 3461 qui
465 3376 621 3455 colligitur
632 3398 674 3437 ex
687 3384 953 3437 commemoratae
964 3378 1103 3439 volucria
1118 3386 1184 3438 uo-'

71 3481 177 3558 mine,
198 3475 419 3556 adjumentum
433 3475 562 3560 aliquod
574 3477 710 3540 orationi
724 3477 847 3536 nostrae
861 3478 1035 3559 comparari
1045 3486 1183 3562 oportet,

71 3581 240 3667 iaquoque
252 3575 424 3639 subindicat
433 3574 679 3662 quodammodo,
697 3576 841 3662 spiritum
854 3576 995 3637 sanctum
1010 3579 1071 3637 eise
1084 3574 1187 3637 incirs

10 3742 23 3759 ,
73 3680 315 3766 cumscriptum3
347 3699 423 3740 nam
443 3700 508 3740 vox
525 3672 706 3763 περιστερὰ
719 3677 805 3739 valet
822 3676 1000 3755 octingenta
1020 3689 1052 3739 et
1070 3694 1184 3757 unum,

73 3783 129 3871 qni
141 3800 294 3844 numerus
306 3779 497 3858 significatur
510 3798 569 3863 per
583 3797 605 3839 α
618 3790 650 3839 et
663 3797 707 3856 ως
729 3775 793 3838 (1υο
809 3789 917 3838 autem
930 3777 1009 3836 haec
1023 3776 1185 3838 elementa

74 3893 146 3952 lunt
157 3884 287 3947 initium
307 3891 339 3941 et
357 3879 432 3941 sinis
449 3879 594 3940 omnium
608 3878 857 3943 elementorum.
906 3876 1004 3939 Porro
1026 3871 1186 3939 diluvium

75 3976 203 4063 etiem,
229 3981 317 4068 quod
337 3980 496 4042 mundum
521 3965 662 4040 areteri
682 3962 850 4063 iniquitate
870 3974 1074 4063 expurgavit,
1107 3993 1187 4057 my·
1231 3983 1234 3987 '

22 4068 37 4163 .'
54 4138 59 4157 ,
76 4088 150 4150 ilice
187 4083 376 4147 delictorum
404 4079 648 4143 mundationem
680 4096 697 4139 a
726 4076 835 4141 divina
862 4077 979 4163 piscina
1004 4072 1187 4143 faciendam

75 4183 318 4275 quudmumodn
337 4183 592 4272 praenunciabat.
649 4178 692 4246 Et
711 4199 781 4244 arca
801 4180 884 4265 ipsa,
917 4196 999 4266 quae
1022 4175 1096 4241 illua
1113 4177 1187 4241 ser-
