2572 4770
371 253 827 352 uramus-(rumam).
1078 264 1156 341 rra

40 442 77 506 lr.
91 442 113 507 Ι.
136 461 203 505 non
220 436 371 520 iutelligit
388 430 592 505 lubltantiam
614 438 789 504 coelorum.
839 434 980 527 Respicit
996 438 1042 505 ibi
1058 454 1156 531 atque

41 541 126 607 adeo
147 543 286 628 explicat
300 540 413 606 Psaltis
432 539 532 606 illud:
569 541 680 606 Verbo
700 538 824 604 domiui
845 541 928 603 coeli
946 542 1066 605 firmati
1084 547 1159 615 lunt

42 656 105 710 etc.
147 644 232 707 Eum
247 662 323 711 vero
341 643 449 705 locuni
467 642 566 728 accipi
586 645 672 729 polle
688 662 762 705 cum
779 639 819 703 de
833 643 996 705 coelorum
1010 644 1160 715 sublun-

41 747 106 825 tia,
134 757 205 807 turn
223 742 264 805 de
281 744 403 823 angelis
418 744 580 807 coelorum
595 742 725 822 incolis,
744 740 840 805 ¹docet
853 743 988 829 ipsemet
1001 743 1042 808 de
1058 758 1096 813 tr.
1110 746 1157 831 II,

44 861 76 925 6,
100 854 171 913 174.
225 845 338 930 Itaque
357 864 431 905 curn
449 845 556 907 coelos
578 842 710 928 quidem
729 854 823 905 vocat
844 864 895 907 res
911 832 1102 917 inanimatas
1122 862 1157 914 et

43 961 205 1011 creaturas
222 946 439 1024 irrationales,
470 944 511 1007 de
531 945 694 1007 coelorum
710 944 879 1006 substantia
897 947 1055 1032 loquitur,
1082 972 1158 1021 eum
1263 986 1267 995 ·

41 1067 122 1111 sero
135 1068 192 1110 eos
207 1067 226 1109 a
239 1048 348 1132 lpiritu
360 1048 566 1109 sanctificatos
579 1043 672 1123 dicit,
693 1046 827 1109 alteram
842 1046 982 1131 seqnitur
993 1051 1159 1138 interpre-
1217 1052 1220 1057 ’

42 1150 219 1228 tationem,
249 1168 291 1209 ex
311 1168 374 1232 qua
395 1148 493 1211 etiarn
504 1146 545 1210 de
560 1159 597 1209 tr.
610 1144 654 1224 ll,
668 1152 698 1224 4,
718 1156 777 1211 182
792 1143 1081 1231 augelosooipuzn
1094 1147 1160 1221 οὐ-

43 1240 146 1335 ράνια
167 1251 345 1334 nuncupari
365 1247 450 1313 dicit.
499 1248 626 1311 Verum
644 1246 769 1310 etiarnsi
788 1246 844 1309 illo
867 1247 937 1311 loco
960 1251 1155 1336 detr.·11,1

42 1350 242 1421 intellexerit
262 1350 465 1433 lubl'tantipm
480 1344 666 1429 ¹coelorum,
692 1359 802 1411 tamen
822 1345 898 1412 inda
921 1372 989 1415 non
1005 1355 1159 1440 sequitur,

42 1453 186 1517 animaru
209 1451 256 1513 eis
275 1453 315 1511 ab
334 1453 401 1536 iplo
421 1452 535 1529 tribui,
565 1471 639 1517 curu
659 1448 700 1515 de
717 1460 755 1510 tr.
769 1447 813 1527 H,
828 1460 880 1515 2⁵.
901 1465 1010 1539 palo
1029 1452 1098 1521 πᾶν
1115 1448 1158 1521 τὸ

42 1550 274 1636 πεποιημένον
288 1542 436 1637 ἁγιάζιιι
446 1553 574 1638 spiritus
588 1557 711 1614 tanetus
726 1547 859 1617 dicatur.

127 1653 239 1738 Neque
262 1656 386 1715 malurn
411 1656 602 1733 (ethicum),
636 1673 743 1738 neque
766 1653 853 1715 mala
879 1654 1036 1738 (phylira)
1061 1656 1159 1750 hujus

42 1765 147 1818 terrae
165 1753 237 1817 Deo
254 1754 334 1816 vitio
356 1756 438 1817 verti
459 1758 596 1839 poliunt.
654 1754 748 1833 „Nos
768 1796 777 1814 .
794 1798 803 1815 .
821 1750 972 1834 dicimus,
1002 1778 1068 1820 uon
1092 1763 1159 1843 elle

44 1868 208 1920 auctorem
227 1854 314 1931 vitii,
342 1854 397 1938 qui
420 1875 496 1941 euru¹
513 1856 606 1933 fecit,
637 1855 693 1939 qui
714 1852 815 1936 potest
831 1853 1108 1941 luapropenfione
1121 1872 1159 1929 ae

43 1968 124 2020 nutu
146 1954 187 2015 ad
203 1953 320 2015 vitium
338 1953 459 2016 venire.
508 1955 643 2018 Animal
658 1952 745 2015 enirn
763 1952 895 2015 rationis
910 1957 1068 2042 particeps
1081 1960 1160 2027 leni

42 2056 151 2133 Deus,
185 2051 269 2138 quod
291 2053 447 2133 volebat,
469 2066 505 2116 ut
523 2057 689 2131 voluntate
708 2053 764 2112 sua
784 2053 905 2115 bouum
928 2055 1022 2135 eil'et,
1055 2058 1159 2121 libera

40 2154 165 2239 alioqui
183 2156 337 2239 potestate
353 2152 559 2239 praeditum,
586 2152 648 2241 qua
667 2154 768 2241 pollet
788 2153 824 2214 in
844 2164 1012 2240 utramque
1032 2169 1160 2243 partem

40 2256 147 2334 {lecti3
183 2256 312 2317 volebat
334 2254 423 2318 enim
441 2268 479 2318 ut
500 2259 600 2320 homo
620 2260 698 2319 ellet
717 2259 838 2334 bonus,
872 2253 1021 2335 eligendo
1044 2256 1158 2343 lpo'uta

39 2358 183 2436 bonum3
210 2376 308 2419 uerno
330 2359 419 2421 euim
439 2358 562 2421 invitus
579 2360 682 2443 potell
699 2359 762 2419 elle
777 2354 899 2439 bonus3
918 2358 1159 2443 -potiusomnes

42 2460 121 2523 boni
143 2459 290 2521 volentes
306 2460 379 2521 luat
398 2460 483 2524 boui.
532 2456 642 2538 Quare
663 2460 847 2544 oportebat,
873 2470 911 2520 ut
924 2461 980 2547 qui
993 2464 1160 2529 voluntate

43 2564 99 2626 tna
118 2562 246 2622 futurus
266 2563 344 2622 ellel
365 2560 487 2640 bonus,
513 2566 703 2645 potestatem
723 2559 872 2640 haberet,
897 2547 960 2644 uua
973 2560 1110 2628 idoneus
1125 2576 1161 2631 et

42 2674 139 2749 aptus
166 2664 245 2723 ell'et
268 2659 310 2721 ad
335 2659 545 2747 capiendum,
577 2657 664 2746 quod
690 2661 811 2722 bonurn
830 2675 864 2723 et
881 2662 1052 2729 honesturn
1069 2669 1159 2732 aare

43 2754 300 2828 Consentaneum
313 2780 390 2822 vero
406 2773 490 2834 erat,
511 2773 547 2822 ut
560 2758 647 2846 qtrod
660 2762 781 2822 bonum
794 2780 906 2846 capere
918 2774 1060 2846 poterat,
1082 2768 1162 2853 pol-

40 2866 90 2929 let
110 2862 190 2924 item
209 2859 342 2923 malum.
390 2858 443 2922 Sic
460 2861 613 2923 fabricato
630 2861 762 2923 rationis
780 2861 953 2947 participe,
981 2865 1080 2929 ulad
1100 2887 1161 2931 ca·

40 2960 197 3053 piendam
215 2960 370 3023 virtutem
391 2972 425 3023 et
439 2961 556 3023 vitium
572 2963 641 3025 rim
661 2952 788 3023 inlitam
805 2963 953 3040 haberet,
982 2961 1161 3034 datum-eit

40 3061 250 3139 mandatum,
278 3074 314 3123 ut
333 3062 487 3123 virtutem
504 3061 639 3124 haberet
658 3074 748 3138 actu3
772 3061 890 3125 vitium
901 3084 980 3128 vero
992 3087 1059 3131 nou
1074 3064 1160 3152 antu,

41 3165 98 3233 ied
116 3166 180 3227 lola
202 3158 381 3248 aptitudine
399 3149 491 3239 (κατ’
516 3152 775 3246 ἐπιτηδειότητα
794 3151 924 3246 μόνην).
976 3164 1161 3239 Παφίη,

42 3266 193 3331 creatoris
211 3266 356 3325 hortatur
377 3273 410 3323 et
433 3261 561 3323 roborat
581 3272 677 3347 attpue
696 3261 828 3339 adjuvat
846 3262 888 3323 ad
902 3262 1072 3349 virtutem,
1095 3271 1162 3337 de-

41 3368 176 3433 hortans
199 3376 346 3427 naturam
372 3382 391 3424 a
416 3360 509 3425 vitio.
563 3358 723 3440 Quamvis
749 3361 847 3440 igitur
871 3364 946 3431 infit
967 3374 1104 3455 poteltss
1124 3373 1161 3437 in

41 3478 191 3554 compote
205 3465 336 3529 rationis
346 3459 586 3548 adcapiendum
595 3463 728 3540 vitium,
748 3483 814 3523 nou
827 3476 958 3551 propter
969 3474 1160 3556 potestatem

40 3572 89 3634 eit
103 3569 209 3632 malus
225 3569 302 3646 iite3
328 3564 494 3649 utriusque
515 3563 622 3641 enim,
650 3562 779 3627 virtutis
789 3565 908 3630 leilioet
924 3580 961 3631 et
978 3572 1064 3652 vitii,
1084 3575 1160 3638 lunt

39 3674 265 3759 potestates'et
284 3665 465 3749 electiones.
487 3710 496 3727 .
540 3662 658 3749 Neque
676 3666 783 3728 nostra
799 3668 903 3730 lolam
920 3672 965 3732 elt
982 3670 1159 3760 huso-opi*

39 3773 116 3851 nio,
144 3768 198 3833 led
218 3767 393 3845 omniurn,¹
410 3764 466 3850 qui
486 3775 572 3827 reete
592 3764 635 3827 sle
650 3766 844 3831 animalibus
861 3771 985 3835 ratium
1003 3773 1159 3859 praeditis

39 3869 255 3962 philosophati
266 3868 348 3931 lunt.
365 3912 375 3929 .
394 3909 404 3929 .
444 3864 575 3929 Etenim
588 3864 662 3953 quia
673 3887 740 3930 non
752 3872 856 3954 potelt
868 3871 971 3934 r'irtus
983 3892 1057 3935 eura
1075 3875 1157 3940 vitio

38 3973 136 4041 fiinul
158 3970 269 4056 arripi,
295 3970 340 4032 elt
355 3978 465 4030 autem
481 3968 583 4029 amica
597 3967 670 4031 Deo
684 3968 803 4048 virtus,
830 3970 999 4056 utriusque
1012 3976 1158 4058 potesta-

38 4086 110 4139 tem
127 4071 258 4137 immitit
275 4069 379 4133 utenti
400 4069 542 4147 ratione,
571 4080 608 4130 ut
621 4071 809 4152 potestatem
825 4069 956 4158 quidem
969 4072 1099 4137 τὶιιτιίι
1112 4074 1157 4141 nl

38 4169 279 4262 tusdpiendrrm
302 4183 409 4237 aetum
432 4170 528 4235 illum
553 4169 832 4258 pprtiuparemm,
860 4172 1166 4259 poteltatpmrero,
