2572 4770
91 455 197 535 navit,
224 466 257 519 et
277 454 419 543 permisit
433 467 469 519 ut
482 476 670 521 vocaremus
686 459 825 521 nostrum
840 471 964 544 patrem
980 458 1107 539 Deum
1134 436 1204 550 spi-¹

90 558 172 618 ritus
190 576 267 617 vero
289 554 412 618 sanctus
435 555 642 638 inhabitavit,
670 559 848 644 inspiravit,
865 606 897 623 ..
920 560 1048 644 insuper
1068 583 1127 625 nos
1142 584 1203 626 re-

90 657 268 736 generavit,
282 663 284 668 '
299 668 331 718 et
348 677 366 717 a
385 667 514 741 peccato
535 680 570 721 ac
594 671 697 722 morte
721 658 885 737 liberavit,
919 671 952 722 et
970 661 1204 743 sanctificavit”
1262 714 1265 719 .

90 760 206 835 cet.)),
229 768 261 818 et
272 756 470 835 regeneratio
484 776 542 841 per
555 759 698 844 spiritum
711 762 733 824 s.
749 759 860 839 effecta
876 761 1034 822 summurn
1049 765 1093 825 est
1102 761 1203 828 Chri-

90 858 262 918 stianurum
285 859 405 918 bouum
429 857 553 936 (Enarr.
576 858 610 919 in
635 873 649 925 t
671 860 755 923 Petri
767 858 792 922 Ι.
816 880 846 943 p.
863 867 935 924 323.
959 858 998 924 Β.
1016 854 1078 942 (].;v
1098 861 1139 927 de
1157 876 1199 941 tr„

88 955 133 1034 ΙΙ,
150 968 287 1035 umes.
301 969 372 1051 256·
388 961 475 1037 259).
527 956 636 1038 Quare
661 959 914 1046 blasphemia
943 960 985 1020 iu
1012 963 1202 1045 spiritum
1262 1026 1265 1031 ,

310 353 314 360 ,
349 290 359 313 ³
396 242 577 368 Didymus
603 252 889 370 (Christosopia).
947 230 952 241 ·
1130 292 1199 370 571
1228 200 1255 253 3

87 1059 267 1120 sanctum
293 1061 339 1121 est
357 1059 430 1121 finis
448 1060 606 1121 malorum
630 1059 754 1141 (Enarr.
777 1060 810 1120 in
830 1058 902 1122 Jud.
922 1081 953 1144 p.
977 1065 1062 1144 837).
1110 1064 1200 1134 Haeo
1242 1135 1245 1139 ,

88 1154 305 1244 βλασφημία,
340 1158 384 1219 ait
404 1155 444 1220 de
465 1169 504 1220 tr.
526 1156 731 1240 111,2‚aae‚
767 1154 837 1224 ἐστὶ
859 1152 899 1221 τὸ
920 1151 966 1246 μὴ
988 1157 1095 1245 λέγειν
1115 1156 1200 1232 αὐτὸ

87 1253 186 1333 θεόν,
216 1272 249 1322 et
267 1258 308 1321 de
325 1271 364 1319 tr.
379 1256 421 1336 11,
440 1270 491 1336 26,
505 1271 585 1324 298:
615 1247 722 1346 'sitta
740 1253 973 1322 noiu³voeiaut
992 1261 1072 1346 περὶ
1094 1255 1200 1330 αὐτοῦ
1217 1325 1220 1329 .

87 1353 306 1444 βλασφημία,
342 1348 423 1443 iad
443 1353 490 1445 μὴ
520 1349 694 1445 ὁμολογεῖν
720 1353 801 1425 αὐτὸ
825 1354 910 1422 θεὸν
935 1352 1115 1438 ὁμοσύσισν
1140 1363 1201 1431 καὶ

89 1452 250 1545 συνάρχσν
267 1458 315 1541 τῷ
331 1457 435 1544 πατρὶ
454 1456 511 1522 καὶ
532 1457 580 1544 σῷ
599 1453 678 1545 vtat-
712 1461 852 1524 Hincib.
869 1457 1047 1524 cavendum
1065 1462 1200 1526 essedi-
1256 1460 1259 1465 ’

89 1562 151 1637 cit,
178 1559 313 1623 τοιαῦτα
327 1554 375 1643 μὴ
391 1555 428 1622 δὲ
442 1554 527 1620 κατὰ
542 1548 676 1645 iiyvotnv
688 1555 888 1646 ἆμαρτῆσαι.
938 1561 990 1624 De
1003 1562 1047 1644 sp.
1060 1564 1123 1626 scto
1137 1560 1197 1631 ῙΠ.

87 1683 119 1748 p.
132 1672 191 1726 530
205 1673 313 1722 autem
327 1658 414 1720 idem
427 1671 592 1742 peccatum
606 1662 702 1723 etiam
716 1664 749 1722 in
763 1672 886 1745 patrem
900 1656 1067 1747 filiumque
1081 1667 1199 1749 patrari

86 1765 173 1847 posse
192 1764 306 1823 censet.
355 1757 572 1844 ”Quicunque
582 1807 619 1842 ‚„
651 1762 771 1846 inquit,
797 1760 856 1823 ”in
876 1763 1021 1847 spiritum
1043 1763 1200 1851 blasphe-

86 1862 240 1937 maverit,
263 1859 703 1938 nonsolumiuhocseculo,
724 1862 1198 1935 verumetiaminfuturonon
1270 1932 1281 1943 ,

88 1962 266 2024 dimittetur
286 1959 334 2039 ei,
365 1980 423 2021 nec
439 1960 504 2020 ulla
527 1958 737 2022 misericordia
756 1970 788 2021 et
807 1960 901 2021 venia
916 1963 1196 2050 reservabiturilli,
1267 1992 1270 1997 ·

88 2064 143 2149 qui
164 2007 394 2124 conculcaierit
407 2059 509 2120 filium
524 2058 588 2121 Dei
605 2071 638 2121 at
656 2054 804 2140 injuriam
817 2059 928 2121 fecerit
942 2060 1063 2144 spiritui
1076 2067 1199 2143 gratiae

87 2165 174 2238 ejue,
202 2161 235 2221 in
256 2180 319 2244 quo
336 2159 543 2222 sanctificatus
562 2160 616 2221 eit.
664 2157 761 2239 Quod
781 2156 911 2243 quidem
926 2171 960 2222 et
972 2159 1007 2220 in
1021 2160 1091 2224 Deo
1104 2177 1198 2250 patre

87 2264 133 2322 est
147 2256 402 2340 intelligendum.
450 2254 535 2325 Nam
558 2278 612 2344 qur
602 2258 927 2344 ''blasphemaverit
916 2281 949 2321 ru
965 2279 1041 2321 eum
1053 2273 1086 2324 et
1095 2284 1199 2352 impie
1253 2330 1256 2335 4

87 2362 204 2441 egerit,
233 2362 297 2422 fine
314 2359 408 2421 venia
423 2359 627 2437 cruciabitur,
654 2359 744 2422 nullo
764 2382 821 2447 pro
836 2380 876 2423 eo
893 2358 1061 2424 dominum
1075 2359 1198 2463 depra'-

86 2473 194 2539 cante,
216 2461 532 2575 sicutuscriptumest.
554 2456 1097 2538 QuiantemindominumDeum
1113 2486 1198 2550 pee-
1281 2526 1284 2537 ,

88 2560 223 2638 caverit,
252 2561 322 2645 quis
341 2562 443 2624 orabit
461 2580 520 2658 pro
541 2557 607 2621 eo?
645 2559 775 2623 Necnon
798 2571 830 2622 et
847 2562 1017 2648 quifilium
1030 2569 1196 2644 negaverit

53 2676 56 2681 '
87 2683 193 2725 eoram
207 2662 407 2740 hominibus,
431 2661 597 2740 negabitur
609 2660 648 2721 ab
660 2681 699 2756 eqo
714 2680 819 2722 eoram
832 2672 920 2744 patra
933 2674 966 2724 et
978 2663 1099 2741 angelis
1112 2670 1192 2746 ejus.

87 2763 171 2844 Euge
194 2763 267 2848 quia
290 2763 376 2823 nulla
392 2762 485 2823 venia
504 2762 538 2822 in
553 2760 726 2823 trinitatem
744 2758 925 2835 conceditur
937 2762 1195 2846 blasphemanti..

85 2866 162 2940 bus,
191 2863 280 2924 omni
295 2859 397 2923 studio
420 2873 452 2922 et
471 2862 593 2922 cautela
614 2863 659 2922 est
677 2857 926 2944 providendum,
948 2870 985 2920 ut
998 2880 1039 2923 ne
1056 2862 1091 2924 in
1103 2865 1195 2934 brevi

86 2963 218 3051 quidem
235 2945 397 3048 parvoque
412 2963 555 3023 sermone
572 2957 612 3022 de
626 2981 663 3022 ea
678 2956 876 3045 disputantes
886 2958 1042 3022 labamur.
1053 3008 1074 3040 „

170 3058 429 3148 Baptismus)
450 3062 591 3146 supplet,
620 3058 707 3146 quud
725 3057 801 3121 fidei
827 3058 915 3121 deest
934 3060 1117 3127 hominibus
1137 3063 1196 3147 (de

85 3177 127 3230 tr.
140 3164 182 3245 ΙΙ,
201 3176 249 3243 13,
263 3166 356 3244 261);
382 3173 544 3245 „renovat
561 3182 620 3224 noe
640 3161 676 3223 in
690 3161 847 3246 baptismo
864 3157 920 3237 (de
936 3171 974 3224 tr.
988 3159 1031 3245 11,
1048 3177 1096 3247 12,
1113 3171 1193 3252 248)
1252 3238 1256 3245 Ι

85 3307 294 3326 μ

121 3414 152 3485 *)
171 3409 312 3481 Baptrarnr
320 3409 680 3481 varroaDrdymuaruvenrt
688 3418 770 3479 typos
779 3406 813 3460 de
821 3415 857 3460 tt·
865 3405 963 3474 11,14,
980 3423 1015 3458 ax
1023 3416 1105 3476 parte
1113 3426 1195 3466 com

155 3507 353 3553 memoratos·
363 3498 494 3566 nohiatp
503 3497 586 3568 9dsq
590 3499 612 3564 i,
630 3497 680 3551 uhi
694 3497 729 3550 de
742 3480 1194 3562 hermeneuticaDidymiaetum

154 3584 202 3639 est.
238 3582 325 3635 Addit
342 3602 371 3653 p.
383 3583 435 3636 272
448 3581 537 3635 hauet
567 3583 778 3650 „Inveniemur
792 3588 890 3632 atatem
903 3589 1021 3649 praeter
1031 3581 1098 3650 risa,
1117 3600 1193 3655 qua·

155 3677 382 3722 commemorata
397 3670 480 3735 sunt,
505 3669 646 3736 piscinam
660 3671 748 3721 etiam
763 3666 971 3735 Hierosolymia
988 3666 1057 3718 olim
1072 3669 1195 3725 existen.

151 3766 232 3823 tem,
252 3758 299 3808 cui
315 3770 420 3807 nomen
434 3753 596 3820 Betheada,
616 3755 736 3807 nemine
751 3752 896 3805 diffitente
909 3751 1066 3820 imaginem
1080 3754 1212 3826 baptiaae

155 3843 197 3896 nri
212 3843 286 3910 effe,
303 3858 363 3894 non
379 3855 447 3893 vero
461 3838 555 3909 ipsam
568 3840 734 3904 veritatem
754 3855 823 3892 uam
837 3837 935 3905 imago
951 3837 1098 3906 censetur,
1117 3857 1195 3910 qun

157 3931 194 3983 ad
207 3939 338 3997 ternpua,
362 3928 468 3978 veritat
487 3918 570 3993 vero,
596 3941 669 3996 quae
688 3916 719 3978 iri
733 3933 903 3996 perpetuum
918 3931 1080 3990 permanet.
1121 3925 1193 3981 Ideo

156 4015 192 4066 ab
207 4014 311 4084 angelo
326 4020 489 4078 commota,
511 4013 628 4081 quaein
642 4013 702 4082 ipsa
718 4021 796 4079 erat,
823 4025 898 4079 aqua
916 4016 944 4057 et
957 4007 1044 4060 semel
1061 4007 1089 4059 in
1107 4026 1193 4082 anno,

155 4108 185 4151 et
203 4117 292 4154 unum
311 4099 465 4164 duntaxat,
491 4101 540 4165 qui
558 4100 668 4168 primur
688 4102 801 4152 ineam
823 4092 1026 4156 descendisset,
1046 4101 1076 4144 et
1089 4111 1196 4166 corpo.

154 4183 195 4236 rit
210 4187 342 4242 morbum
351 4223 360 4257 ,
386 4200 445 4238 non
460 4198 528 4237 vero
541 4184 658 4239 animae
674 4184 802 4240 sanabat,
840 4175 1029 4246 Anthemiou·
1048 4180 1127 4236 enirn
1142 4181 1196 4236 ba.

708 4273 812 4338 aaa
