2572 4770
714 86 724 133 Ι
828 52 832 59 .

121 330 198 439 aee
356 414 363 429 .
446 326 534 419 cap.
555 314 628 399 ιιι.-
677 268 909 421 Dagaseira.

207 506 281 601 iem
291 507 334 574 de
349 506 526 577 Clementis

544 624 583 689 A
585 629 815 710 pologeticn

113 734 222 821 ¹,verba
261 742 376 809 facturi
420 738 642 806 tantummodo
688 740 847 802 rationem
884 733 1027 801 breviter
1070 729 1232 798 descn‘lte·

113 842 199 911 ‘ntus
220 847 361 910 acriam
385 844 480 926 (duce
504 842 666 923 Postero),
699 862 763 928 qua
786 840 821 902 in
845 835 1073 904 cohortatione
1091 832 1131 916 ³)
1152 854 1234 917 gen-

118 924 199 1037 'tileq
226 949 386 1027 aggressus
415 946 453 1007 sit
477 965 513 1005 ac
533 943 729 1033 resptaverit.
781 941 856 1026 Cap.
884 955 910 1006 1.
939 962 971 1024 p.
993 951 1008 1005 1
1030 937 1097 1023 sqq.
1118 936 1160 998 ab
1180 955 1235 997 or-

123 1044 186 1131 giis
208 1057 241 1109 et
263 1047 372 1137 impiis
391 1043 552 1107 idolorum
571 1038 728 1122 mysteriis
748 1042 897 1105 homines
919 1056 1072 1115 avocans,
1109 1030 1154 1095 ad
1172 1052 1235 1095 ve-

117 1134 196 1209 'rem
221 1149 444 1227 jubilationem
471 1145 534 1208 Dei
560 1141 620 1206 τοῦ
645 1134 747 1227 λόγου
774 1144 904 1205 nomine
929 1144 1101 1227 provocat,
1136 1145 1170 1197 et
1195 1128 1236 1195 ad

48 1238 52 1247 ’
122 1242 236 1310 laudes
251 1248 314 1311 Dei
336 1246 434 1334 patris
454 1247 495 1307 ob
516 1245 691 1307 revelatam
710 1244 878 1305 veritatem
900 1232 1105 1304 celebrandas
1123 1232 1237 1297 horta-

117 1354 188 1411 tur.
230 1346 306 1432 Cap.
321 1361 351 1417 2.
374 1369 405 1433 p.
422 1359 459 1410 10
474 1347 537 1431 sqq.
553 1341 777 1406 absurditatem
792 1342 886 1405 simul
900 1353 933 1404 et
947 1339 1150 1425 impietatem
1161 1356 1238 1417 my-

123 1444 292 1511 steriorum
312 1446 513 1513 ethnicorum
532 1457 565 1507 et
584 1446 767 1509 fabularum
788 1443 828 1507 de
850 1441 984 1506 deorum
1005 1439 1148 1524 ipsorum
1165 1447 1238 1501 ortu

126 1554 161 1607 et
173 1545 303 1613 interitu
317 1544 464 1612 ostendit.
506 1546 581 1632 Cap.
599 1557 626 1612 3.
648 1568 680 1631 p.
697 1557 736 1612 36
753 1546 818 1631 sqq.
837 1543 1058 1606 sacrificiorum
1080 1536 1143 1602 diis
1164 1560 1241 1603 ma-

125 1654 284 1711 elatorum
311 1648 531 1712 crudelitatem
560 1659 593 1710 ct
623 1646 841 1731 impuritatem
876 1640 1074 1731 perstringit3
1115 1660 1184 1727 cap.
1208 1646 1239 1708 4.

124 1766 160 1835 p-
178 1754 219 1812 40
233 1748 298 1833 sqq.
317 1749 482 1815 simulacra
506 1770 602 1838 quam
620 1745 752 1810 absurda
773 1743 966 1807 dernenstrat
988 1754 1020 1804 et
1039 1739 1146 1827 turpia
1168 1740 1240 1819 lint,

125 1842 243 1931 quibus
261 1845 338 1911 deos
362 1853 476 1917 rolant.
534 1849 611 1938 Cap.
626 1861 666 1917 5.
681 1870 716 1938 p.
733 1840 773 1913 55¹
788 1847 854 1932 sqq.
880 1842 1144 1930 philosophorum
1164 1841 1242 1905 sen-

109 1949 245 2012 ·tentias
265 1947 307 2011 de
322 1949 393 2014 Deo
412 1952 553 2016 recenset
574 1970 693 2037 eosque
717 1970 784 2037 cap.
799 1960 828 2013 6.
859 1970 890 2033 p.
909 1957 946 2011 58
968 1945 1032 2031 sqq.
1057 1940 1241 2028 aliquando,

125 2044 218 2113 sicuti
230 2046 341 2135 poia'tas
357 2075 424 2141 cap.
440 2066 470 2121 7.
492 2076 524 2139 p.
541 2066 580 2119 62
593 2055 676 2139 sqq,
702 2050 769 2137 ipso
788 2048 959 2134 inspirante
975 2064 1091 2107 verum
1106 2043 1253 2124 attigisse.

127 2142 215 2213 dicit.
263 2151 319 2214 Ab
337 2155 426 2215 omni
446 2165 536 2240 parte
555 2172 666 2213 veram
678 2162 786 2213 autent
801 2146 841 2211 de
854 2147 925 2211 Deo
939 2144 1118 2209 doctrinam
1131 2166 1150 2207 a
1162 2168 1245 2234 pro-

122 2249 235 2335 plactis
248 2250 411 2315 contendit
426 2256 490 2329 esse
504 2250 676 2340 petendam
692 2272 759 2336 cap.
777 2261 806 2315 8.
828 2271 860 2334 p.
876 2259 915 2314 65
929 2250 1012 2336 sqq,
1041 2248 1245 2335 graviterque

126 2344 204 2411 illos
230 2369 379 2435 peccare,
416 2353 470 2437 qui
500 2352 673 2431 benignam
695 2350 759 2414 Dei
785 2350 988 2412 vocationem
1019 2349 1170 2435 spernant
1191 2359 1245 2410 aut

128 2436 292 2528 negligant
305 2471 372 2535 cop.
389 2463 418 2517 9.
440 2472 472 2536 p.
488 2463 527 2515 68
541 2451 607 2539 sqq.
657 2449 735 2537 Cap.
756 2463 804 2518 1⁰.
826 2472 858 2535 p.
874 2462 913 2516 72
926 2452 990 2536 sqq.
1013 2448 1186 2536 respondet
1204 2448 1247 2513 ad

126 2547 342 2627 objectionem
355 2550 539 2631 gentilium,
568 2573 629 2636 qua
643 2552 734 2614 nesas
749 2552 812 2613 esse
825 2551 952 2628 aiebant
963 2571 1089 2615 morem
1103 2551 1247 2641 patrium

128 2642 274 2713 deserere
304 2649 530 2731 (‚,Proinde,”
565 2652 610 2713 ait
630 2673 662 2737 p.
682 2664 732 2718 72.
752 2662 811 2731 73,
847 2672 932 2729 „cur
954 2672 1021 2714 non
1041 2655 1124 2716 lacte
1147 2654 1248 2719 eliam

126 2742 252 2812 ¹utimur
265 2762 415 2837 tanquam
430 2751 533 2838 primo
546 2751 718 2834 alimento,
740 2752 791 2816 cui
803 2751 941 2815 nutrices
956 2753 1093 2833 nostrae,
1112 2753 1247 2821 simulac

128 2848 253 2915 suimus
265 2852 300 2913 in
315 2853 419 2917 lucem
434 2850 530 2932 editi,
557 2875 616 2917 nos
634 2850 889 2919 assuefacerent?
931 2850 995 2916 Cur
1013 2874 1170 2935 augemus
1183 2876 1248 2942 pa-

128 2938 219 3043 lrum
240 2955 408 3017 facultates
429 2954 482 3017 vel
503 2953 696 3037 minuimus,
724 2977 784 3021 nec
804 2950 945 3016 eundem
964 2951 1117 3033 modum„
1147 2976 1249 3043 quem

130 3049 181 3117 itti
205 3055 298 3119 nobis
320 3056 497 3144 reliquere,
527 3052 678 3145 deinceps
696 3068 852 3145 perpetuo
872 3052 1059 3118 servamus?
1100 3052 1168 3117 eur
1188 3077 1250 3119 nec

130 3150 168 3217 in
181 3152 268 3220 sinus
278 3168 408 3243 patrum
420 3156 506 3218 cibos
519 3156 640 3219 nostros
654 3158 845 3238 reperimus,
873 3176 931 3219 nec
950 3158 1049 3221 etiam
1063 3155 1126 3218 alia
1140 3152 1248 3222 adhuc

131 3251 284 3338 facimus,
303 3259 419 3344 quibua
436 3257 531 3334 olim,
553 3279 627 3318 cum
640 3259 766 3344 parvuli
778 3259 915 3321 essemus
930 3270 961 3320 et
976 3254 1161 3343 amalrib'us
1175 3260 1251 3322 ale-

131 3346 259 3436 ¹namur,
287 3360 383 3422 risum
404 3357 655 3446 commorimus3
682 3355 739 3422 sed
760 3372 887 3422 nosmet
903 3360 1009 3447 ipsos,
1037 3362 1135 3424 etiam
1158 3362 1251 3425 nullo

131 3457 349 3545 praecipiente
373 3459 540 3537 magistro,
571 3458 758 3539 corrigimus
785 3471 818 3523 et
841 3459 1076 3526 emendamus?
1124 3460 1253 3544 Quodsi

132 3554 170 3621 in
191 3558 355 3623 affectibus
375 3561 534 3635 excessus,
562 3560 620 3622 etsi
634 3561 696 3623 sint
709 3559 885 3625 admodum
899 3564 1067 3648 periculosa
1078 3575 1112 3626 et
1126 3565 1254 3629 exitia·-

81 3742 89 3752 .
133 3656 200 3739 les,
225 3671 336 3723 tamen
357 3661 464 3745 aliqua
485 3679 544 3723 nos
563 3663 727 3745 voluptate
744 3661 905 3743 afficiunt3
934 3686 989 3727 cur
1008 3684 1074 3728 non
1095 3665 1196 3731 etiam
1214 3666 1254 3729 sn

133 3756 204 3821 vita
223 3778 267 3823 ex
284 3761 345 3827 hac
363 3759 537 3843 flagitiosa,
564 3762 745 3849 perturbata
761 3760 926 3827 attonitus
945 3773 1040 3854 atque
1052 3765 1153 3855 impia
1168 3788 1254 3833 con·-

135 3894 343 3921 *—

171 3991 203 4062 ⁸)
220 3992 318 4048 Etiam
332 3994 365 4048 sn
381 3993 597 4050 conscribendi·
607 3993 760 4049 Strumatsr
773 3995 934 4053 Clementis
947 3996 1100 4053 confilium
1114 4014 1151 4057 ex
1165 4006 1254 4071 put·

207 4080 292 4135 fnisse
304 4082 417 4136 ridetur
430 4080 654 4151 apologeticum,
667 4081 724 4134 hoc
739 4082 894 4149 nimirum,
909 4090 942 4134 nt
956 4082 1119 4136 ostenderet
1132 4084 1254 4154 gentili·

206 4166 276 4234 bur,
299 4170 360 4234 jam
379 4169 417 4223 ab
438 4170 566 4239 ipsorum
585 4165 764 4236 philosophia
782 4166 934 4237 religionis
950 4167 1076 4239 vulgaria
1088 4169 1251 4227 vanitatem

208 4249 294 4306 suillo
308 4256 455 4326 agnitam,
475 4272 569 4328 neque
581 4269 649 4307 raro
661 4253 841 4326 probabilem
855 4253 1027 4326 religionem
1038 4253 1200 4311 iurantem·

74 4356 194 4495 X
