2572 4770
50 304 61 325 ,
125 243 205 313 ΜΘ
298 160 305 187 ⁸
359 276 362 281 ·
453 232 541 327 Gap.
567 231 640 305 ΙΙΙ.
691 230 922 328 Dogmaticu.

126 410 252 492 πῖθ’,
279 407 401 497 inquit,
428 414 580 496 „angeli,
607 434 688 502 quoe
707 417 795 479 aluo
808 408 922 483 'effluo'
939 414 981 478 tic
995 411 1177 500 appellatus
1190 410 1245 477 tt-

127 516 281 592 dicimus,
309 511 355 574 dii
376 515 473 577 etiam
494 514 666 600 aliquando
679 516 720 578 iu
737 516 830 579 sacris
847 516 1008 601 scripturis
1024 515 1244 595 nominantur,

125 627 296 706 propterea
317 613 403 699 quod
423 614 528 678 divini
544 619 636 696 sunt3
666 635 824 703 nunquam
843 626 952 677 tumen
971 615 1016 678 ibi
1035 626 1243 702 praeceptum

46 784 50 789 ,
125 717 289 803 reperias,
319 724 370 793 ut,
404 715 459 801 qui
480 716 551 779 Deo
574 714 706 778 debetur
726 717 848 794 cultus,
875 712 991 778 eodem
1012 718 1243 802 prosequamur

127 838 203 896 eeu,
233 834 370 901 quorum
388 816 479 879 nobis
500 812 697 879 ministrandi
712 815 838 901 Deique
859 810 947 895 (lona¹
964 814 1122 879 afferendi
1140 836 1242 896 nego-

126 920 211 985 tium
229 919 285 979 eft.
305 962 339 980 ..
384 915 546 997 Angelus,
574 936 711 1001 quorum
731 917 885 997 cognitio,
916 937 997 1002 quee
1015 918 1111 1002 supra
1130 915 1242 979 humi-

130 1041 207 1085 nem
226 1020 289 1097 est,
319 1028 499 1102 comparata
520 1037 585 1077 nou
603 1017 717 1096 fuerit,
745 1036 763 1078 a
786 1018 878 1079 nobie
896 1017 1038 1079 invocari
1057 1028 1145 1081 recta
1163 1017 1239 1079 ratio

128 1141 196 1184 nun
212 1120 341 1206 patitur.
389 1117 464 1197 Age
483 1138 578 1210 porro
597 1129 777 1203 comparata
794 1108 893 1181 fuerit
913 1115 1112 1179 admirabilia
1131 1118 1189 1180 illa
1209 1115 1239 1180 et

124 1240 242 1293 arcana
268 1216 455 1298 angelorum
475 1217 623 1298 cognitio.
679 1217 765 1280 Tum
788 1216 917 1303 quidem
940 1237 1053 1279 eorum
1078 1228 1191 1283 natura
1208 1229 1237 1280 et

102 1354 109 1371 ι
127 1321 255 1400 efficia,
285 1320 400 1404 quibus
411 1318 605 1397 funguntur,
626 1329 703 1379 nota
721 1322 832 1398 erulrt3
854 1317 908 1380 led
923 1320 983 1381 huc
997 1318 1102 1402 ipsum
1115 1319 1236 1381 abster-

128 1423 229 1500 rebit,
261 1440 301 1481 ne
319 1440 428 1503 preces
447 1419 501 1480 alii
513 1420 658 1480 serantur
670 1438 766 1503 quam
782 1466 790 1481 .
807 1417 909 1480 ‚Deo
926 1467 932 1480 .
950 1466 959 1482 .
1001 1417 1042 1480 Ut
1055 1418 1164 1497 angeli
1178 1440 1235 1481 nu-

126 1524 179 1617 bis
201 1521 331 1608 propitii
351 1520 412 1581 siut
434 1518 593 1603 nostrique
617 1520 717 1599 gratia
743 1521 850 1581 omnia
872 1520 1007 1597 faciant,
1043 1519 1118 1581 satis
1142 1521 1234 1599 estli,

129 1635 285 1709 quantum
310 1640 367 1705 per
387 1621 547 1680 humanae
573 1632 706 1682 naturae
729 1620 816 1683 vires
839 1621 931 1699 licet,
967 1639 1040 1699 erga
1063 1616 1174 1681 Deum
1196 1616 1233 1680 itu

127 1727 226 1790 simus
247 1722 368 1799 allecti,
393 1732 429 1781 ut
445 1721 509 1799 illi;
538 1736 649 1781 eurum
664 1722 857 1805 propositum
872 1721 1051 1797 imitantes,
1079 1717 1233 1804 quemad-

126 1823 262 1889 modum
288 1833 322 1884 et
347 1822 406 1907 ipsi
430 1822 535 1884 Deum
560 1820 742 1899 imitantur3
774 1830 808 1882 e't
834 1833 997 1906 praeterea
1021 1820 1115 1882 uobis
1140 1820 1179 1882 srt
1201 1838 1232 1881 ut

50 1925 53 1931 ’
128 1928 189 1991 ttlii
204 1930 273 2004 ejus
287 1923 379 1986 uerbi
397 1923 504 2001 notio,
530 1942 612 2006 quae
632 1944 696 1984 non
716 1924 818 1984 solum
833 1923 958 1984 clariori
971 1920 1036 1999 illi,
1066 1941 1232 2006 ‹quaman-

108 2012 194 2111 *geli
212 2025 310 2091 sancti
323 2021 362 2086 de
378 2025 435 2087 illo
451 2024 585 2101 habeut,
614 2045 678 2084 nou
694 2035 869 2108 repugnet,
892 2020 945 2084 sed
961 2042 1042 2107 quae
1056 2023 1156 2084 etiam
1173 2024 1232 2085 cla-

33 2150 38 2159 ’
107 2196 113 2211 ,
128 2132 195 2193 rior
214 2126 319 2190 indies
332 2123 594 2211 explanatiurque
610 2126 693 2185 sacta
707 2123 747 2185 acl
761 2124 851 2186 illam
866 2122 1016 2187 accedere
1032 2124 1232 2189 contendat.”

129 2233 225 2298 -Alios
244 2240 409 2314 praeterea
429 2228 515 2288 locos
537 2223 624 2285 idem
642 2222 711 2286 fere
730 2223 980 2288 demonstrantes
991 2227 1138 2289 iuvenies
1154 2222 1233 2312 apud

58 2364 62 2370 ·
130 2331 346 2410 Binglmmum
367 2328 402 2388 iu
418 2324 602 2405 Originibus
623 2326 733 2387 avers.
752 2323 929 2390 Grisuhovii
950 2328 1014 2389 vol.
1029 2329 1072 2392 V.
1093 2351 1125 2413 p.
1142 2331 1231 2414 ttsq.

128 2431 285 2495 Attamen
307 2427 457 2507 angelum
482 2425 637 2508 alloqui
664 2425 714 2502 ei,
754 2427 809 2509 qui
832 2428 935 2489 sancto
962 2428 1070 2513 spiritu
1099 2429 1233 2509 affletur,

127 2532 225 2595 licere
252 2532 355 2594 noster
378 2523 522 2586 concedit
546 2525 658 2586 homil.
684 2523 813 2589 ΧΧΙΙΙ.
839 2528 874 2588 in
891 2528 970 2595 Luc.
993 2528 1059 2590 vol.
1082 2528 1144 2603 ΠΙ,
1167 2543 1233 2597 961.

127 2632 261 2701 Necnon
276 2630 341 2714 ipse
358 2628 507 2707 angelum
527 2625 667 2704 (sortasse
680 2628 849 2690 tutelarem
864 2631 969 2711 suum)
985 2629 1160 2714 alloquitur
1175 2632 1237 2696 ltu-

126 2735 196 2797 mil.
213 2734 239 2809 l,
254 2744 269 2796 7
287 2733 320 2792 in
334 2727 494 2792 Ezechiel.
514 2748 545 2789 v.
561 2726 620 2805 Ill,
639 2739 698 2793 858
715 2728 837 2792 verbis:
875 2732 985 2795 ”Veni
1007 2722 1142 2814 angele,
1166 2736 1236 2798 sna-

128 2835 199 2920 cipe
221 2836 365 2895 sermone
386 2830 572 2891 conversum
594 2831 633 2891 ab
655 2849 762 2892 errore
780 2831 926 2915 pristino,
956 2831 1137 2896 adoctrina
1157 2833 1236 2899 clae-

126 2935 327 3010 moniorum,
364 2932 403 2993 ab
424 2931 593 3016 iniquitate
616 2931 651 2993 iu
673 2932 775 2992 altum
801 2933 971 3017 loquente,
1007 2946 1039 2995 et
1064 2938 1236 3023 suscipiens

127 3054 204 3097 eum
231 3034 318 3117 quasi,
340 3031 484 3096 medicus
506 3035 607 3096 bonus
628 3034 763 3095 confove
785 3045 881 3119 atque
902 3035 1047 3114 institue,
1083 3040 1237 3121 parvulus

127 3135 189 3212 est,
214 3132 312 3195 hodie
334 3134 471 3196 nascitur
488 3135 585 3196 senen
599 3137 840 3218 repuerascens,
864 3146 897 3198 et
912 3137 1033 3222 suscipe
1047 3138 1194 3204 tribuent
1206 3140 1237 3203 ui

125 3237 320 3322 baptismum
339 3234 493 3297 secundae
518 3234 787 3314 regenerationis,
816 3246 849 3297 et
867 3235 987 3299 advoca
1008 3238 1067 3299 tibi
1086 3240 1168 3304 alios
1183 3242 1238 3304 su·

39 3354 49 3373 ’
126 3337 192 3399 ciue
204 3336 368 3396 ministerii
383 3335 447 3413 tui,
470 3347 506 3396 ut
518 3336 621 3398 cuncti
632 3335 749 3420 pariter
763 3356 836 3413 eos,
861 3338 916 3422 qui
929 3337 1101 3422 aliquando
1113 3339 1238 3429 decepti

30 3452 33 3457 '
124 3438 215 3515 sunt,
236 3433 387 3500 erudiatis
401 3437 442 3499 ad
455 3435 594 3514 fidem„
635 3437 764 3499 Keiliue
777 3436 908 3522 quidem
920 3441 942 3503 l.
958 3440 979 3500 l.
994 3463 1025 3525 p.
1042 3450 1122 3505 560:
1149 3440 1238 3523 „In-

125 3537 372 3625 spirationem’',
407 3539 468 3614 ait,
504 3539 675 3625 „prosectu
697 3559 762 3599 nou
781 3537 931 3600 credibile
954 3542 1016 3618 est,
1049 3561 1128 3605 eum
1150 3543 1185 3607 iu
1206 3544 1238 3606 se

20 3648 24 3653 '
126 3640 262 3703 statuisse
275 3639 489 3717 convenire'’3
511 3637 564 3700 secl
577 3658 678 3723 aeque
692 3639 782 3701 licuit
794 3638 928 3720 Origeni
942 3644 1091 3721 angelum
1106 3644 1237 3731 alloqui,

126 3763 162 3806 rc
186 3742 312 3805 sensum
338 3740 506 3824 scripturae
529 3740 740 3821 [mysticum
763 3738 913 3823 indagare
939 3748 1129 3830 (utrumque
1150 3747 1238 3809 enim

126 3844 187 3905 lroc
213 3840 337 3904 nonnisi
367 3841 401 3902 iu
426 3839 591 3903 instructoe
619 3842 729 3925 spiritu
756 3844 860 3903 sancto
891 3848 1064 3910 convenire
1090 3849 1235 3929 censuit).

75 4013 78 4020 ,
128 3942 256 4006 Scilicet
278 3964 343 4002 uon
363 3942 390 4003 is
406 3952 479 4003 erat·
494 3941 670 4021 Origenes,
700 3943 756 4026 qui
777 3945 946 4029 scripturae
965 3949 987 4009 Ι.
1011 3947 1177 4016 doctrinae
1197 3950 1237 4015 de

127 4044 235 4129 spiritu
248 4045 354 4107 sancto
365 4040 614 4107 Gluistianorum
626 4045 785 4130 paraclete
800 4044 971 4113 diffideret.
