2572 4770
842 39 856 77 )

359 244 541 342 acapna
565 192 851 344 (mastruga).
1038 322 1042 335 ,
1087 260 1163 331 aaa

51 426 134 497 sidae
154 430 209 495 est.
262 412 349 496 Nam*
364 445 469 514 neque
485 427 585 491 homo
602 438 748 493 mortuus
763 426 864 493 homo
884 424 940 495 est.
988 426 1163 513 Quomodo

51 553 131 595 vero
153 528 252 616 aliqui
272 534 395 597 oausam
415 530 478 593 esse
497 526 643 613 spiritum
662 525 820 607 dicentes,
848 550 913 617 quo
933 551 1047 617 corpus
1062 536 1163 619 rivet,

51 631 323 695 honorabiliorem
343 632 405 693 essa
426 647 568 714 corpore
580 623 708 706 dicunt,
735 638 769 689 et
785 625 859 691 ideo
883 632 1113 718 consequenter
1130 646 1167 703 et

53 753 152 818 opera
170 731 405 795 honorabiliora
425 726 527 809 magia
545 747 642 813 quarn
661 726 761 791 fidem
775 732 952 794 asseverant
970 730 1168 803 vivificantia
1212 730 1215 735 ⁴

53 851 144 911 earn,
180 831 352 918 perfectius
377 825 499 907 studui,
531 837 569 889 ut
593 825 680 913 quod
705 828 787 891 mihi
810 828 938 895 videtur
958 848 1168 919 exponerem.

53 931 129 999 Non
153 933 241 995 enim
257 933 336 995 ficut
356 926 575 992 indubitanter
590 925 735 1014 spiritum
755 944 886 1014 corpore
904 932 1090 1017 meliorem„
1120 937 1170 1005 ita

55 1033 124 1096 sine
143 1033 351 1096 reluctatione
369 1050 465 1118 opera
483 1025 800 1114 fideipraeponenda
813 1031 899 1110 sunt,
925 1033 1053 1120 quando
1066 1040 1170 1118 gratia

55 1132 196 1227 salvatur
214 1133 312 1199 horno
330 1151 396 1195 non
411 1150 454 1193 ex
468 1127 635 1214 operibus,
657 1125 712 1190 sed
726 1149 768 1191 ax
779 1127 863 1211 fide;
891 1131 950 1196 nisi
961 1134 1044 1199 furta
1058 1150 1090 1200 et
1105 1140 1170 1207 hoa

55 1229 92 1294 in
106 1232 288 1317 quaestione
301 1232 357 1310 sit,
384 1227 471 1317 quod
482 1229 581 1291 salvet
595 1224 676 1304 sides
690 1249 771 1313 quaa
785 1250 858 1292 curn
871 1232 1019 1317 operibus
1032 1228 1185 1323 propriia'

56 1333 156 1412 vivit,
193 1343 346 1418 tanquam
366 1327 454 1393 aliud
474 1348 575 1410 genua
593 1347 727 1412 operum
745 1328 799 1408 lit,
836 1330 963 1416 pra'eter
982 1355 1064 1421 qnae
1083 1339 1171 1407 ratur

58 1456 102 1498 ex
120 1432 185 1497 tide
205 1433 389 1521 proveniat;
416 1451 475 1494 nec
497 1440 606 1493 autem
624 1430 695 1490 sunt
714 1448 810 1515 opera
826 1450 908 1517 quae
920 1434 977 1494 sub
991 1437 1103 1500 umbra
1115 1441 1173 1503 le«-

57 1533 106 1616 gis
128 1536 359 1612 observantur„
381 1531 456 1610 (En,
476 1529 512 1592 in
530 1549 581 1613 cp.
602 1525 712 1591 Jacobs
728 1526 771 1592 11.
792 1551 825 1615 p.
847 1535 933 1613 320).
981 1533 1173 1607 ”Confessio

60 1618 175 1701 Christi
190 1646 317 1722 oportet
332 1645 366 1695 ut
378 1634 545 1710 conjuncta
558 1629 598 1691 sit
609 1629 704 1691 rectis
719 1626 919 1709 dogmatibus
935 1645 968 1695 et
981 1635 1071 1700 honis
1086 1661 1174 1727 ope-
1228 1626 1231 1635 ¹

27 1755 31 1761 ·
58 1734 174 1814 ribus„
187 1735 262 1815 (En.
280 1735 315 1795 in
331 1731 429 1799 1Joh.
442 1729 503 1794 IV.
525 1750 558 1815 p.
575 1737 646 1793 838.
668 1726 737 1807 D.).
780 1726 873 1808 ”Qui
889 1751 931 1793 ex
944 1732 1015 1798 Deo
1031 1741 1175 1825 nascunfi

59 1848 112 1899 tur
131 1831 337 1921 adimplendo
352 1851 433 1917 quae
447 1828 573 1890 virtutia
586 1829 673 1906 sunt,
699 1828 884 1907 hujusmodi
896 1832 986 1896 siunt.
1029 1836 1089 1901 Hie
1104 1840 1177 1904 ita-¹
1249 1895 1255 1907 ‚

60 1959 123 2025 que
136 1938 280 2022 proxime
295 1929 417 1999 dictum
433 1933 478 1994 est
493 1929 591 1992 etiam
605 1927 696 1991 istud.
739 1926 806 2007 Qui
823 1906 1197 2010 fncitjustitianner111--x

59 2038 131 2119 tigit
149 2036 296 2098 inimicos
313 2035 385 2095 suos
401 2041 434 2094 at
448 2041 518 2093 orat
533 2050 592 2116 pro
612 2029 677 2109 eia,
699 2029 756 2092 fiet
768 2030 853 2093 filius
866 2033 964 2117 patrie
976 2032 1118 2101 coelestia
1131 2059 1177 2109 ex

61 2157 102 2200 eo
121 2147 224 2197 natus.
276 2132 358 2198 Cum
377 2133 456 2194 haec
474 2129 518 2193 ita
533 2131 611 2210 sint,
634 2141 667 2194 et
688 2130 745 2217 qui
763 2132 898 2194 nascitur
918 2153 961 2194 ex
978 2131 1069 2214 Deo,
1099 2160 1176 2205 cre-

61 2235 143 2298 dens
162 2235 271 2320 utique
290 2232 363 2319 quia
382 2229 473 2295 Jesua
493 2231 538 2293 est
551 2230 712 2310 Christus,
740 2251 805 2293 uon
822 2230 923 2296 solam
942 2236 1175 2309 aonscssionarrr

52 2338 157 2413 'hujus
168 2332 208 2397 de
222 2330 569 2418 assurnptioneChristi,
590 2329 747 2394 sedissem
760 2328 876 2413 fidem,
890 2333 1064 2400 secundum
1074 2359 1174 2425 quarn

60 2436 94 2498 ei
114 2434 240 2496 virtutis
263 2455 359 2519 opera
380 2436 631 2513 conjunguntur,
655 2432 738 2495 nasci
754 2431 868 2496 dicitur
883 2454 925 2498 ex
938 2424 1039 2514 Deo„
1063 2438 1121 2519 (ib.
1137 2442 1176 2508 in
1245 2494 1247 2499 .

62 2561 89 2601 c.
105 2537 147 2600 V.
171 2533 237 2613 G.).
291 2530 473 2617 ”Quisquis
499 2534 587 2595 enim
611 2531 771 2620 peccando
792 2534 826 2596 in
846 2536 986 2599 tenebris
1004 2541 1177 2609 ambulans
1211 2606 1213 2611 ,

62 2636 181 2700 dixerit
199 2637 232 2698 se
252 2633 512 2699 communionem
530 2634 649 2698 habere
666 2655 725 2720 per
736 2634 937 2721 participium
954 2637 1040 2723 apud
1053 2639 1178 2727 Deum,·
1266 2706 1269 2711 ,

63 2751 97 2802 et
111 2748 219 2801 mente
234 2757 300 2797 non
313 2735 375 2795 esse
387 2734 568 2815 tenebrosa,
590 2736 744 2798 mentitur
760 2754 825 2797 non
840 2736 960 2801 faciens
973 2737 1175 2827 veritatem„

64 2839 140 2920 (En.
158 2838 193 2899 in
216 2834 318 2902 sloh.
332 2832 358 2897 Ι.
380 2855 412 2920 p.
433 2843 504 2900 827.
527 2832 592 2914 G.).
639 2834 751 2922 Itaque
771 2824 874 2899 homo
890 2830 1025 2919 ἕτοιμος
1044 2834 1175 2923 γίνεται

44 2945 46 2949 ’
64 2934 111 3004 dc'
128 2931 235 3026 ἔργων
247 2933 303 2999 καὶ
318 2926 465 3008 πίστεως
477 2927 527 3008 εἰς
539 2929 579 2996 τὸ
593 2936 747 3020 σωθῆναι
760 2932 817 3014 (de
829 2948 866 2999 tr.
882 2935 943 3017 111,
955 2953 1007 3019 ιε,
1023 2945 1111 3024 405).

145 3038 283 3117 Jarnjam
299 3032 476 3122 quaeritur,
496 3054 668 3120 quamnam
686 3034 727 3097 da
746 3035 901 3116 gratiae
923 3033 1086 3106 divinae
1107 3061 1175 3110 ne·

62 3140 202 3206 celsitate
224 3135 265 3200 ad
281 3132 493 3218 arripiendam
511 3133 610 3198 sidem
630 3147 663 3199 et
676 3136 776 3198 vitam
796 3110 975 3216 degeddam
991 3160 1067 3206 vere
1084 3146 1175 3209 chri-
1229 3219 1232 3223 ‚

62 3244 197 3307 stianam
216 3239 321 3301 nester
334 3235 522 3298 sententiam
541 3236 669 3299 foverit.
718 3232 801 3299 Cu'rn
820 3257 857 3299 ea
871 3232 1031 3321 Didymus
1045 3242 1176 3310 floreret

61 3345 269 3431 tempestate,
298 3357 361 3425 qua
377 3334 559 3401 Manichaei
575 3338 756 3400 libertatern
775 3336 895 3401 arbitrii
917 3337 958 3404 de
977 3341 1086 3406 medio
1103 3344 1175 3406 rot-

62 3446 169 3509 lentea
187 3440 351 3506 ecclesiam
366 3441 541 3517 vexabant,
564 3437 707 3500 maxima
726 3437 874 3503 sollicitae
894 3454 979 3522 erat,
1002 3456 1037 3505 ut
1051 3436 1174 3509 arbitrii

62 3546 246 3610 libertatem
268 3537 450 3604 adstrueret
495 3538 546 3603 Ita
563 3536 692 3601 initium
710 3535 788 3600 fidei
805 3559 840 3601 ae
858 3534 986 3605 virtutis
1004 3543 1038 3605 irr
1057 3541 1174 3608 nobie·-

61 3644 206 3731 metiptia
218 3643 279 3705 esse
290 3640 398 3704 statuit
407 3639 453 3722 l).
496 3636 834 3720 Detrin.11,14,269.
848 3650 911 3709 270
926 3635 1040 3717 uiuere
1056 3640 1173 3710 dicitur

64 3798 271 3830 uun-⁸¹¹¹·

101 3909 130 3977 ⁶)
149 3908 246 3979 Quare
262 3900 555 3975 praedestinatio
575 3899 744 3975 Daspetiac
759 3902 937 3978 eantaymo
953 3900 1173 3976 praescien-

159 3994 165 4006 .
241 3993 260 4021 „
364 3993 369 4004 ·
538 3997 543 4007 ·
1066 3992 1084 4022 rr

134 4001 227 4131 ἓξ...
241 3993 560 4147 astitistis?
576 3990 1173 4152 &assurgettistulis

139 4161 319 4238 doctrinam,
337 4165 534 4239 praesciantur
547 4164 635 4237 alipta
649 4177 697 4217 aar
712 4166 741 4218 tn
759 4165 866 4219 Christo
882 4163 1065 4223 autumandi
1082 4165 1175 4243 οἵως

736 4252 876 4315 Aa,
