2572 4770
120 244 194 309 ua
303 299 311 307 .
488 224 575 316 cap.
602 187 673 294 us.
729 174 875 307 astrea.

123 376 407 503 reprehensionem
431 405 496 488 agit
519 416 625 469 actum
651 403 755 483 vitae,
790 423 888 495 quern
913 404 946 468 ei
966 400 1062 470 Deus
1089 406 1245 489 agendum

123 513 322 605 praebuerit,
352 527 434 594 quae
453 503 667 586 sunta'genda
687 514 719 565 et
739 524 821 590 quae
839 503 1025 569 sustinenda
1046 512 1244 588 cognoscit..

126 613 236 696 Quare
248 611 331 673 solus
345 609 501 689 gnosticas
514 605 624 668 fidenti
640 607 686 666 est
699 606 827 693 animo,
846 609 950 692 utqui
966 608 1054 671 norit
1068 611 1154 670 bona
1171 631 1246 695 quae

85 771 87 775 ,
126 717 201 778 sunt
224 724 258 774 et
277 709 489 785 suturasunt,
525 727 598 768 curn
619 704 815 786 bisantem,
849 717 886 767 ut
907 705 991 786 dixi,
1028 730 1095 770 una
1115 712 1192 773 sciat
1214 734 1247 775 ea

128 834 210 901 quae
231 833 296 873 non
318 812 388 871 sunt
407 827 520 869 revera
538 806 662 886 gravia3
691 805 791 867 sciens
805 805 924 892 quippe
938 808 1041 870 solum
1055 811 1177 909 vitium
1191 814 1246 876 esse

126 913 294 977 inimicum
310 921 342 971 et
357 908 492 970 exitium
511 907 622 968 afferre
635 905 680 968 *iis
694 905 748 991 qui
768 908 937 990 proficiunt
957 908 997 969 ad
1019 912 1245 993 cognitionem,

128 1013 229 1076 armis
254 1008 379 1081 domini
397 1008 558 1085 munitus,
588 1004 736 1068 adversus
756 1005 791 1068 id
815 1008 938 1071 bellurn
956 1010 1040 1089 gerit
1064 1013 1112 1095 (p.
1132 1015 1215 1094 871).
1235 1060 1243 1076 .

43 1095 50 1120 ¹
129 1113 237 1183 Nemo
247 1087 766 1191 citranummismais>sortis,
782 1109 826 1168 est
835 1110 1025 1188 gnosticas..
1057 1110 1245 1189 Oniestau-

129 1225 199 1276 tem
216 1230 329 1273 revera
344 1210 450 1286 sortis,
479 1230 551 1270 cum
569 1227 627 1292 per
645 1206 755 1292 populi
769 1208 924 1270 malitiam
940 1211 974 1269 iu
988 1214 1199 1280 manifestum
1213 1221 1245 1280 tt

121 1294 310 1401 'periculum
329 1306 499 1384 adductus,
523 1305 612 1392 quod
628 1308 762 1370 occurrit
776 1305 913 1369 fidenter
927 1307 1087 1393 adrnittit3
1122 1317 1182 1378 huc
1197 1340 1246 1380 ra-

102 1430 107 1437 ·
130 1414 221 1475 tione
244 1409 398 1472 discretus
419 1408 458 1467 ab
477 1406 549 1469 aliis
564 1408 617 1493 qui
631 1407 779 1470 dicuutur
794 1419 965 1488 martyres,
993 1413 1085 1496 quod
1104 1417 1159 1477 alil
1177 1421 1247 1504 qui.

131 1511 210 1579 dem
237 1509 294 1572 fibi
317 1509 376 1593 ipfi
403 1510 558 1593 praebent
580 1510 775 1571 occasionem
800 1520 831 1571 et
852 1511 883 1569 se
904 1511 1007 1572 nescio
1028 1516 1198 1597 quomodo
1217 1520 1246 1580 in

131 1614 200 1697 ipsa
220 1608 360 1695 pericula
380 1606 542 1685 injiciunt,
578 1609 709 1670 bivero
730 1609 833 1693 primo
855 1623 975 1672 erecta
994 1615 1125 1676 ratione
1149 1617 1246 1680 decli·

132 1721 265 1786 nantes,
293 1704 411 1771 deinde
434 1730 507 1771 curn
519 1707 609 1770 Deus
629 1709 792 1770 vocaverit
809 1723 956 1796 prompto
978 1725 1012 1774 et
1029 1716 1130 1779 alacri
1143 1721 1246 1782 auimo

131 1816 165 1879 se
186 1805 366 1887 tradentes,
394 1819 427 1872 et
446 1808 636 1871 confirmant
653 1807 854 1870 vocationem
871 1831 913 1874 ex
932 1832 970 1873 eo
992 1809 1080 1899 quo‘d
1097 1819 1182 1880 nihil
1200 1832 1247 1882 te-

23 1970 26 1977 .
131 1932 222 1979 mere
245 1908 287 1972 de
306 1911 338 1972 se
358 1909 592 1988 constituerint,
620 1921 654 1972 et
670 1910 774 1971 virum
792 1912 945 1994 praebent
958 1913 991 1974 in
1005 1935 1085 1979 vera
1100 1939 1137 1980 ac
1152 1922 1247 1983 ratio-

133 2016 199 2080 nali
213 2008 402 2076 fortitudine
415 2007 627 2096 probandum.
651 2057 660 2073 .
707 2007 873 2074 Gnosticus
888 2013 936 2075 vir
949 2016 1046 2077 evafit
1063 2018 1099 2078 in
1115 2040 1244 2108 eaquae

132 2110 180 2178 est
194 2112 536 2197 erqueumcaritate.
558 2158 566 2174 .
612 2109 701 2172 Metu
714 2129 788 2189 ergo
803 2113 848 2197 (p.
859 2117 933 2194 872)
950 2127 982 2177 et
995 2118 1176 2184 formidine
1190 2144 1245 2185 ra-

136 2236 232 2277 cuum
254 2224 287 2275 et
307 2213 343 2274 in
361 2211 493 2275 domiuo
518 2210 731 2279 confidentem
751 2210 856 2273 reddit
876 2217 965 2277 suum
988 2220 1166 2303 athletam,
1196 2228 1244 2288 in-

86 2334 89 2340 ·
133 2306 260 2394 ungens
279 2312 383 2398 ipsum
403 2326 435 2377 et
455 2334 609 2376 exercens
631 2313 759 2390 caritas,
794 2313 1066 2399 quemadmodum
1089 2325 1121 2385 ei
1143 2327 1244 2388 tribuit

29 2484 32 2489 Ι
132 2414 250 2494 justitia
270 2424 305 2473 ut
320 2434 377 2498 per
389 2425 490 2475 totam
504 2414 603 2475 vitam
618 2434 731 2477 verum
747 2411 839 2477 dicat.
864 2461 872 2477 .
922 2415 1075 2483 Amicitia
1087 2428 1243 2509 perficitur

89 2568 93 2576 .
131 2534 193 2600 per
211 2510 481 2590 fimilitudinem,
500 2534 572 2573 cum
593 2514 803 2576 cormnuuitas
822 2515 877 2576 lita
894 2516 932 2576 lit
949 2518 1073 2589 inuno,
1119 2526 1245 2594 Gnosti-
1275 2590 1281 2611 ι

127 2634 189 2678 eus
210 2612 322 2692 igitur,
351 2633 424 2674 cum
446 2608 557 2690 diligat
576 2632 651 2674 aum
670 2613 724 2697 qui
747 2635 824 2676 vere
845 2617 890 2676 est
908 2638 989 2681 uuus
1003 2620 1114 2707 Deua,
1146 2644 1180 2693 et
1202 2633 1244 2695 vir

132 2718 179 2780 est
191 2735 268 2779 vere
280 2714 439 2801 perfectus
455 2725 488 2776 et
503 2711 566 2775 Dei
579 2713 698 2775 amicus
713 2725 745 2776 et
758 2714 792 2775 in
805 2716 863 2777 filii
879 2718 983 2781 locum
1003 2718 1184 2811 cooptatus.
1206 2781 1214 2796 .
1234 2782 1241 2796 .
1275 2780 1283 2807 ·.

107 2876 110 2883 .
133 2818 372 2883 Convenieuter
385 2814 451 2899 legi¹
464 2798 593 2876 divinia
613 2815 654 2894 (c.
674 2826 721 2880 12.
741 2837 772 2900 p.
792 2822 867 2898 873)
891 2841 954 2882 nou
968 2821 1101 2910 despicit
1116 2833 1242 2897 tratrem

61 2899 65 2912 ¹
132 2916 250 2980 eodem
264 2929 355 3002 patre
370 2927 403 2979 et
416 2911 531 2977 eadem
544 2925 646 2977 matre
659 2926 787 2994 natum3
815 2939 890 2981 eum
904 2923 957 3007 qui
971 2925 1143 3010 affligitur,
1162 2935 1242 2998 tenu
1274 2962 1277 2969 ·

131 3016 416 3094 consolationibus,
445 3013 738 3095 adhortationibus,
766 3018 806 3080 iis
827 3041 907 3106 quae
924 3024 1049 3088 suntad
1062 3030 1168 3096 vitam
1184 3057 1242 3098 ne·

131 3117 259 3178 cessaria
278 3119 478 3202 succurrens,
506 3114 586 3178 dans
605 3118 753 3179 omuibus
775 3121 957 3204 egentibus,
982 3147 1098 3192 verum
1120 3137 1200 3211 juste
1212 3147 1242 3199 et

129 3236 189 3303 pro
210 3217 351 3295 meritis;
379 3217 553 3304 quinetiam
571 3216 602 3277 ei
623 3218 678 3303 qui
697 3218 799 3304 ipsum
816 3224 1013 3309 persequitur
1031 3242 1064 3293 et
1083 3233 1161 3297 odio
1181 3240 1239 3300 ha·

46 3328 49 3332 “
129 3317 203 3396 bet,
236 3315 319 3379 lieo
339 3317 497 3399 indigeat3
532 3338 646 3403 parum
668 3339 780 3381 curans
799 3340 854 3383 eos
877 3322 931 3408 qui
951 3323 1078 3409 dicunt,
1115 3350 1239 3423 propter

128 3429 253 3480 metum
278 3417 309 3479 ei
331 3415 467 3497 dedisse,
494 3416 520 3479 li
542 3440 608 3481 nou
632 3420 742 3481 fecerit
762 3434 893 3507 propter
910 3437 1052 3510 metum,
1080 3436 1138 3499 sed
1160 3452 1195 3501 ut
1211 3441 1238 3502 ei

89 3562 91 3566 -
128 3540 227 3605 opem
245 3519 353 3581 ferret.
405 3516 471 3596 Qui
491 3531 598 3581 autern
618 3529 654 3580 ut
674 3520 811 3583 inimicis
829 3525 1016 3591 subveniant
1031 3554 1097 3596 non
1110 3553 1239 3623 parcunt

128 3620 303 3708 pecuniae,
331 3616 492 3707 quomodo
510 3640 576 3681 non
596 3621 656 3681 erit
676 3620 711 3682 in
731 3623 802 3684 suos
822 3627 923 3703 major
945 3627 1086 3712 ipsorum
1108 3638 1239 3705 caritas?

129 3717 196 3798 Qui
216 3719 288 3781 talis
312 3722 373 3798 est,
409 3738 451 3780 ex
473 3719 533 3782 hoc
552 3721 753 3807 progreditur
772 3722 812 3783 ad
831 3728 973 3810 perfecte
992 3732 1175 3817 sciendum,
1209 3754 1240 3806 et

128 3819 255 3883 cuinam
267 3822 426 3898 maxime,
449 3831 483 3881 et
499 3834 668 3905 quantum,
692 3835 725 3886 et
738 3826 899 3910 quomodo
914 3829 952 3891 lit
970 3826 1113 3899 daturus
1160 3840 1239 3921 Quia
1282 3824 1285 3831 Ι

33 3914 37 3921 ’
128 3933 237 3983 autem
257 3924 325 4001 ejus
337 3922 398 3984 viri
410 3922 480 4004 jure
495 3922 592 3984 suerit
606 3924 772 4005 inimicus,
794 3927 848 4011 qui
862 3930 984 3992 nullam
999 3933 1239 4008 inimicitiarum
1278 3986 1282 3995 ·

127 4024 251 4084 causam
272 4024 405 4109 praebet
424 4020 582 4084 omniuo?
603 4072 610 4086 .
636 4073 643 4088 .
687 4025 730 4100 Et
751 4027 891 4091 comedit
910 4042 943 4093 et
956 4032 1039 4095 bibit
1058 4048 1091 4099 et
1104 4062 1238 4106 uxorem

126 4118 230 4204 ducit,
267 4144 332 4186 non
352 4142 412 4208 per
429 4123 462 4184 sa
481 4141 517 4184 aa
537 4121 769 4210 principaliter,
803 4126 858 4193 sed
879 4133 1060 4198 necessitate
1083 4138 1238 4210 adductus
