2572 4770
898 34 923 69 h
1004 80 1012 95 Ι

195 256 366 349 Origenes
389 247 632 351 (Amsagae).
686 252 878 347 Dionystus
903 247 1081 349 (wreus.)-
1107 261 1208 329 ‹sts

91 433 317 513 criminentur,
344 456 419 498 cum
428 435 488 522 ipsi
501 435 568 498 five
581 431 699 499 Judasi
713 434 778 496 sive
792 432 906 499 Graeci
917 432 1086 499 audientes
1101 436 1133 499 se
1146 433 1211 498 de·
1236 486 1239 491 .

91 537 222 620 cipiunt.
277 535 416 602 Pulchra
442 537 587 623 profecto
617 537 720 596 nostra
746 532 925 620 decipiendi
956 537 1054 617 ratio,
1079 537 1210 623 ,quippe

91 637 156 722 qui
170 636 345 715 suciamus,
379 648 415 698 ut
438 657 481 699 ex
505 635 793 720 intemperantibus
816 645 1031 718 temperantes
1052 639 1133 699 fiant
1154 646 1212 703 aut

90 735 240 799 studeant
259 737 507 822 temperantiae,
545 755 589 800 ex
609 736 733 813 injustis
752 736 824 813 justi
846 737 907 799 sint
926 736 1039 799 autad
1058 739 1212 817 justitiam

91 835 245 916 tendant,
271 859 314 901 ex
332 836 590 922 imprudentibus
610 832 748 898 evadant
764 836 939 922 prudentes
957 851 1012 900 aut
1024 840 1112 903 viam
1127 862 1211 926 pru-

83 935 224 1011 ,deutiae
252 941 428 1017 sectentur,
466 957 509 1000 ex
532 934 671 1015 timidis,
704 935 846 1017 ignavis,
881 940 1050 1004 imbecillis
1075 942 1211 1006 animofi

89 1037 154 1103 bnt
172 1050 205 1100 et
221 1038 336 1118 sortes3
365 1059 426 1124 qua
445 1039 563 1101 virtute
584 1050 655 1099 tum
677 1040 862 1123 praesertim
882 1039 1043 1120 eminent,
1059 1056 1148 1105 'cum
1167 1040 1211 1106 ad

91 1139 248 1225 pietatem
280 1160 356 1221 erga
384 1132 492 1204 Deum
523 1139 670 1203 omnium
702 1136 899 1204 conditorem
928 1140 1116 1206 semaodam
1146 1141 1213 1206 de·-

89 1240 255 1309 certaut.”
788 1288 800 1307 t

177 1340 250 1404 Jam
264 1340 371 1404 erbis
385 1341 586 1430 perspicuum
598 1343 662 1421 est,
690 1361 786 1427 quam
799 1339 837 1403 sit
850 1338 932 1404 istud
948 1364 1030 1428 opus
1042 1347 1083 1425 (c.
1099 1343 1209 1426 Cels),

92 1439 236 1525 primum
259 1439 292 1502 id
314 1440 445 1526 quidem
469 1440 556 1528 quod
580 1441 673 1506 docte
698 1442 807 1506 cobtra
833 1439 1055 1519 adversarium·
1073 1448 1210 1526 religio-

93 1540 146 1603 nis
166 1542 351 1605 christianae
374 1543 600 1629 philosophum
626 1544 837 1628 conscriptum
861 1547 978 1623 exstat,
1010 1549 1210 1631 praeclarum

92 1639 216 1718 ingenii
238 1641 426 1722 Origeniani
449 1654 482 1704 et
503 1642 632 1726 pietatis
655 1642 899 1722 documentum,
932 1647 1098 1732 lectuque,
1133 1650 1211 1712 licet

93 1743 249 1805 vitiorum
272 1745 407 1805 minime
433 1763 549 1827 expete
576 1744 637 1820 (cf.
659 1743 868 1806 Scbroeckhii
887 1744 1211 1827 Kirchengeschichte

93 1840 136 1907 T·
151 1840 212 1909 IV·
227 1867 260 1930 p·
277 1857 336 1912 109
347 1828 433 1929 ‘sq.),
452 1843 551 1906 etiam
561 1844 676 1906 nostris
687 1844 884 1927 temporibus
896 1842 1123 1924 dignissimum.

405 2062 415 2074 ”
538 2099 758 2172 ,υιοαῑαιαα

183 2219 264 2285 Cum
276 2220 425 2304 Origenis
441 2218 793 2311 discipulusDionyfius
809 2220 885 2308 esset
899 2240 1034 2307 cumque
1048 2220 1212 2301 (vidEu-

94 2321 159 2384 seb.
177 2322 209 2383 h.
220 2342 247 2383 s.
260 2323 336 2401 Vll,
352 2329 386 2405 7)
398 2325 520 2404 integre
532 2323 680 2385 omnium
695 2322 929 2412 baereticorum
942 2324 1114 2397 sententiaa
1127 2347 1211 2389 exa-
1227 2336 1229 2340 ’

94 2423 251 2500 minaret,
278 2435 427 2512 apparet,
455 2424 495 2489 ab
516 2422 583 2511 ipso
603 2423 874 2511 pbilosophiarn·a
891 2423 1050 2506 theologia
1064 2447 1132 2502 non
1146 2430 1211 2493 sss·

97 2527 271 2591 exclusam.

539 2640 770 2723 Theolopio.

175 2748 217 2818 ‘0
235 2752 335 2832 θεὸς,
360 2755 406 2819 ait
425 2755 597 2837 Dionysius
619 2759 654 2835 (e
668 2757 780 2822 iiiceta
795 2752 881 2841 apud
894 2753 1074 2821 Routbium
1096 2763 1211 2850 reliqu.

94 2859 173 2921 sacr.
186 2857 230 2936 Π,
245 2863 342 2940 405),
369 2852 459 2921 iocis
474 2849 544 2932 dci,
571 2855 629 2923 aui
649 2851 785 2940 σύμπας
806 2847 826 2920 d
845 2849 930 2922 αἰὼν
945 2853 1116 2946 ἐνέστηκεν
1130 2858 1212 2943 ὅλας

102 2952 194 3043 αὐτῷ
213 2957 267 3020 καὶ
284 2952 457 3045 πάρεστιν.

184 3060 246 3125 Ubi
266 3058 313 3122 de
336 3058 549 3123 creatione
569 3056 727 3143 loquitur,
755 3056 791 3119 in
808 3057 891 3129 libro
913 3057 1079 3127 denatura
1099 3070 1212 3154 (quem

97 3163 270 3227 asservavit
287 3160 442 3224 Eusebius
468 3159 504 3223 in
523 3159 679 3246 capitibus
700 3159 841 3244 quinque
864 3161 1030 3244 postremis
1057 3168 1132 3233 libri
1149 3192 1216 3258 pe-
1237 3154 1248 3175 ⁸

95 3262 229 3326 nultimi
248 3274 422 3348 praeparat.
441 3260 585 3341 evangel.
606 3282 640 3345 p.
658 3271 719 3327 772
739 3261 804 3344 sqq.
824 3257 876 3355 ud.
892 3261 1060 3346 vigeriae,
1095 3292 1215 3355 quem..

94 3385 165 3451 que
184 3364 331 3426 invenire
349 3364 423 3427 licet
443 3359 530 3448 apud
543 3360 723 3424 Routbium
738 3362 761 3425 l.
775 3363 796 3425 l.
811 3358 871 3440 IV,
887 3370 946 3433 845
960 3368 1041 3452 sqq.)
1059 3371 1212 3436 acerrime

100 3477 135 3527 et
154 3465 331 3527 felicissime
353 3476 473 3549 pugnat
494 3474 604 3526 contra
625 3481 681 3523 eos
704 3461 926 3548 philosophos,
955 3469 1010 3553 qui
1025 3489 1075 3551 μ
1096 3473 1215 3537 atomis

101 3566 263 3632 mundum
282 3567 456 3631 conflatum
475 3566 539 3627 esse
558 3561 726 3641 dixerunt,
755 3575 849 3649 atque
868 3585 911 3628 ex
928 3567 1066 3631 siderum
1087 3571 1216 3654 potissi-

100 3691 194 3734 mum
213 3669 373 3755 ipsiusque
391 3667 533 3730 bominis
552 3663 822 3748 contemplatione
843 3664 883 3729 de
904 3682 1044 3732 creatore
1058 3669 1129 3735 Deo
1149 3672 1216 3736 do-

102 3773 238 3836 ctrinam
259 3769 462 3835 demonstrat.
511 3765 656 3833 Universi
676 3777 784 3827 autem
800 3766 914 3830 mundi
933 3767 1012 3860 duas
1029 3774 1092 3833 esse
1107 3786 1214 3858 partes
1246 3838 1248 3844 ,

98 3874 211 3937 statuit
232 3873 290 3950 (ib.
309 3866 499 3955 ap.¹Routb.
521 3891 554 3954 p.
576 3867 670 3944 850),
705 3861 892 3950 φαινόμενα
908 3867 984 3948 μὲν,
1014 3865 1126 3959 ἥλιον,
1155 3875 1215 3944 καὶ

105 3969 262 4061 σελήνην,
284 3963 427 4054 ἀστέρας
433 4014 442 4044 ,
463 3967 570 4055 ysare
584 3968 640 4034 καὶ
654 3961 760 4053 iidwp·
782 3964 896 4056 ἀφανῆ
913 3968 951 4034 δὲ
964 3969 1116 4052 &sescus
1136 3984 1217 4061 (an...

105 4077 210 4155 gelus)
235 4074 293 4137 καὶ
319 4066 479 4152 δαίμονας
497 4069 554 4133 καὶ
571 4064 691 4154 ψυχάς.
720 4072 971 4141 -Creaturarum
992 4097 1068 4140 vero
1093 4085 1214 4153 nullam
1237 4076 1251 4098 '

104 4178 302 4250 adoraudum
322 4170 386 4244 else
406 4174 577 4262 Dionysius
596 4176 733 4261 coustait.⁴
781 4174 831 4245 lta
849 4174 1035 4248 Aemiliano
1052 4188 1216 4274 praestato
