2572 4770
558 284 752 375 Didymae·
857 304 884 360 ···,
1143 292 1206 369 :86

85 454 225 537 liganda
244 463 435 525 rotabulum
459 462 602 550 spiritus,
630 466 687 528 ubi
706 476 739 527 et
757 465 920 552 quomodo
942 467 1137 552 appellatum
1147 466 1199 552 fit,

82 564 360 646 contemplantes,
394 565 585 648 sophismata
610 586 723 629 eornm
743 579 775 629 et
792 565 1014 630 fraudulentas
1036 568 1200 655 decipula

86 674 309 742 conteramus,
336 666 391 749 qui
409 667 553 750 spiritum
571 669 713 729 sanctum
731 671 869 730 usserunt
888 680 1074 734 creaturam.
1126 669 1199 741 Le,-

80 772 203 843 .gentet
214 766 301 827 enim
315 766 348 826 in
359 769 530 852 propheta,
557 765 626 847 Ego
647 769 833 831 confirmavi
852 770 1028 833 tonitruum
1042 784 1075 835 et
1087 792 1198 843 creant

88 865 249 951 spiritum,
277 868 454 946 ignorantia
466 869 650 954 multiplicis
664 870 697 930 in
712 871 771 933 hac
787 882 875 955 parte
888 872 1040 933 sermonis
1054 854 1197 957 putarat

83 977 162 1028 runt
181 967 324 1051 spiritum
339 972 482 1033 sanctum
501 992 544 1033 ex
564 974 624 1035 hoc
645 973 799 1035 vocabulo
820 970 1047 1050 demonllrari,
1069 973 1197 1061 cumin

82 1069 333 1153 praesentiarum
350 1071 478 1155 spiritus
497 1093 615 1135 nomen
635 1085 769 1136 ventum
789 1076 888 1137 sonet.
930 1074 1061 1138 Necnon
1076 1075 1110 1136 in
1125 1074 1196 1139 Ζιῗ-

81 1169 193 1232 charia
208 1165 377 1235 audientet‘
392 1174 564 1257 loquututn
577 1172 760 1252 dominum,
791 1173 878 1259 qnod
897 1175 963 1260 ipse
984 1177 1022 1239 sit
1037 1177 1092 1261 qui
1109 1188 1195 1241 creas

80 1272 227 1356 spiritum
239 1273 379 1335 hominis
393 1274 427 1334 in
443 1294 493 1352 eo,
508 1276 771 1339 existimaverunt
782 1276 925 1360 spiritum
940 1277 1082 1339 sanctum
1095 1276 1195 1347 etim

81 1372 119 1433 in
136 1372 358 1457 boemapitulo
378 1375 562 1455 significari,
591 1398 658 1441 non
677 1375 985 1455 animadvertentes,
1012 1374 1099 1463 quod
1117 1377 1193 1463 ani7

78 1494 170 1537 mam
186 1474 328 1537 hominio
347 1486 403 1536 aut
419 1476 564 1560 spiritum
584 1484 696 1564 (quem
711 1464 839 1541 tertium
856 1479 889 1538 in
903 1479 1037 1540 homine
1051 1480 1114 1541 esse
1126 1466 1195 1559 jani

78 1574 237 1653 diximus)
257 1575 383 1660 spiritua
404 1580 576 1663 appellatio
598 1581 763 1659 significet.
820 1579 904 1658 Ergo
928 1591 965 1641 ut
990 1580 1192 1665 praeloquuli

75 1680 203 1755 summ,
222 1678 394 1761 -quomodo
406 1680 658 1767 unumquodque
675 1680 795 1744 dictum
808 1680 847 1741 srt
866 1677 1117 1761 consideremus,
1135 1696 1191 1745 -nt

75 1780 163 1841 forte
182 1798 240 1864 per
257 1779 469 1859 ignorantiam
490 1781 526 1843 in
551 1784 735 1844 barathrum
759 1780 945 1843 decidamus
965 1781 1090 1844 enoris.
1131 1778 1191 1843 si-

75 1878 210 1965 quidem
222 1881 257 1941 in
271 1881 343 1942 aliis
356 1883 451 1943 rebus
464 1892 507 1943 e'x
520 1885 675 1946 consortio
688 1883 916 1944 vocabulorum
930 1902 1017 1943 error
1034 1880 1188 1947 evenient

75 1982 297 2044 confusionem
310 1993 342 2044 et
357 1981 517 2066 pudorem
532 1984 580 2062 ei,
601 1985 656 2068 qui
672 1985 805 2061 erravit,
823 1984 992 2067 importat,
1014 1980 1055 2043 de
1071 1985 1187 2066 super-

72 2083 127 2146 nis
145 2103 222 2146 vero
246 2095 279 2145 et
293 2081 410 2146 divinis
424 2085 529 2168 lapsus
554 2083 596 2145 ad
613 2105 710 2168 prava
731 2082 773 2145 ad
792 2096 955 2145 aeternam
967 2101 1105 2165 poenam
1120 2079 1186 2143 dea

74 2182 162 2246 ducit
178 2195 210 2247 et
224 2185 424 2262 barathrum,
453 2185 596 2246 maxime
609 2206 680 2246 cum
695 2184 794 2246 semel
811 2182 962 2267 deceptus
978 2180 1117 2242 noluerit
1128 2200 1186 2247 re*
1246 2258 1248 2263 Ι

72 2287 233 2373 sipiscere,
254 2282 309 2347 sed
325 2286 416 2347 suum
439 2283 603 2348 defensare
628 2283 831 2370 impudenter
849 2304 999 2347 errorem.
1012 2332 1032 2362 „
1083 2282 1185 2353 Libro

71 2400 182 2450 contra
204 2385 409 2448 lllauichaeos
432 2409 463 2472 p.
484 2400 545 2452 206
565 2387 758 2448 vocabulum
780 2378 883 2470 φύσει
905 2384 968 2448 1οεί
989 2384 1116 2447 Paulini
1141 2382 1185 2451 ad

71 2488 185 2574 Ephes.
201 2487 244 2565 II,
259 2487 537 2572 2interpretatur:
564 2481 606 2551 οὐ
625 2482 665 2551 τὸ
683 2483 767 2550 κατὰ
785 2479 888 2571 φύσιν
902 2480 1072 2570 σημαίνει,
1096 2476 1185 2549 ἀλλὰ

69 2584 110 2653 td
125 2583 292 2673 dlv-stip,
319 2591 472 2675 suamque
492 2590 690 2654 sententiam
706 2588 851 2668 allegatis
868 2589 1013 2672 pluribus
1031 2589 1054 2650 s.
1067 2589 1088 2648 s.
1102 2584 1208 2655 locis

68 2700 204 2752 conatur
221 2690 367 2752 stabilire.
424 2690 475 2753 De
491 2693 564 2753 trin.
583 2689 608 2753 I.
640 2714 665 2754 c.
683 2705 713 2757 9.
741 2712 773 2775 p.
801 2686 1181 2767 raadMarrh.111,1r
1256 2754 1259 2759 ,

69 2792 149 2855 baec
161 2792 275 2853 habet:
301 2792 368 2870 „In
383 2793 493 2870 hoc,‘·’
519 2791 639 2876 inquit,
667 2790 891 2875 „rornplacui,
916 2808 975 2872 per
989 2792 1060 2868 ejus
1071 2789 1181 2851 incar-³

68 2893 234 2955 nationem
245 2894 381 2955 salutem
394 2895 486 2955 vobis
501 2895 684 2976 comparari.
728 2891 887 2970 Quamvis
900 2911 979 2952 vero
994 2886 1036 2949 de
1055 2887 1183 2959 divini-r

69 3002 131 3055 tate
140 2994 366 3076 interpretetur
375 2994 446 3077 quis
454 2985 777 3075 verbumm'rddnnoo,
785 3014 896 3056 eorum
905 3002 1012 3053 tamen
1020 2990 1181 3075 sophisma

65 3093 164 3155 inane
176 3092 339 3172 redditum
362 3116 422 3156 nec
440 3096 528 3159 enirn
545 3096 705 3178 quaelibet
718 3116 784 3156 vox
800 3114 818 3155 a
835 3093 923 3171 Deo,
947 3103 980 3163 et
993 3091 1183 3176 praesertim

66 3194 107 3263 de
121 3194 194 3258 Deo
208 3195 315 3257 Verbo
330 3193 431 3273 dicta,
457 3217 495 3258 eu
512 3198 600 3258 sensu
615 3195 798 3278 accipienda
815 3198 877 3272 est,
905 3215 1002 3279 quern
1015 3192 1184 3281 mundaum

64 3301 127 3361 sert
144 3294 350 3359 consuetudo.
402 3296 531 3359 Deinde
551 3298 577 3359 si
600 3296 641 3357 tle
661 3297 728 3357 srlio
749 3300 813 3374 jam
834 3298 989 3359 existente
1012 3294 1116 3363 dixin,
1137 3292 1179 3357 In

63 3419 128 3484 quo
151 3397 346 3482 complacui,
381 3419 446 3458 non
468 3400 514 3458 est
532 3399 719 3460 existentiae
738 3397 799 3459 filii
825 3398 914 3459 causa
935 3394 1180 3481 complacentia.¹

61 3497 140 3577 Quo
151 3506 263 3561 autern
277 3500 482 3561 manifestum
493 3501 594 3578 magia
608 3498 640 3560 id
655 3501 727 3573 siat,
750 3496 836 3581 quod
851 3499 909 3559 bac
922 3496 1180 3575 dictionefigniq

60 3601 203 3680 licetur,
213 3601 291 3661 teste
305 3612 431 3662 utamur
443 3600 545 3662 Psalle
553 3600 601 3664 l's.
619 3598 770 3676 CXLIX,
787 3600 832 3663 4”
848 3611 880 3660 et
894 3620 946 3681 qu.
962 3599 1005 3681 sq.
1047 3595 1184 3672 Ibident,

61 3722 89 3763 o.
115 3712 165 3767 15.
200 3721 232 3786 p.
257 3714 293 3766 18
323 3701 364 3764 de
390 3722 441 3763 ev.
470 3701 542 3764 lob.
565 3698 591 3776 l,
616 3716 631 3766 1
652 3702 731 3761 baec
751 3703 849 3763 verba
868 3700 963 3761 sarit:
1001 3691 1115 3769 „Illud
1138 3689 1183 3771 dv,

60 3790 147 3888 ἀρχῇ
159 3790 200 3886 ἦν
215 3801 441 3864 absurditatem
453 3804 522 3879 ejus
534 3802 767 3864 haereticorum
781 3800 967 3863 locutionis:
990 3781 1027 3878 ἦν
1042 3786 1098 3864 ὅτε
1112 3788 1181 3873 οὐκ,

57 3888 118 3986 ἦν’,
144 3903 342 3986 perspicuam
360 3905 437 3965 facit
457 3921 592 3986 eamque
611 3901 796 3982 fugiendam
819 3904 882 3963 asse
901 3895 1046 3961 ostendit.
1088 3897 1182 3965 Natus

57 4022 126 4065 vox
139 3991 180 4086 ἢν
194 3996 361 4066 indefinito
378 4006 439 4080 est3
460 3999 625 4085 ῥωμαϊστὶ
641 4000 678 4091 dp*
692 3995 712 4087 ἡ
727 3995 970 4089 ἄπαρέμφατος
982 3993 1019 4061 ἐκ
1037 3988 1098 4060 oso
1111 3988 1178 4065 λε’-ζ

58 4098 144 4179 §aar
156 4096 343 4186 σύγκειται·
366 4102 864 4183 PLUSQVAtttEnFEcTtJS.
882 4152 885 4162 .
906 4089 1121 4184 ἑρμηνεύεται
1133 4092 1182 4171 dd.

60 4192 203 4290 asserii
216 4199 375 4288 vitator„
391 4203 503 4294 ltaque
519 4205 572 4270 hic
587 4206 704 4289 exigit,
723 4217 759 4269 ut
771 4203 966 4284 intelligatur
980 4190 1182 4293 ἧπεράχρρπ
