2572 4770
116 315 198 413 etc
446 309 533 401 cap.
559 307 630 379 111.
681 302 913 397 nomana.

123 500 289 559 naturas
305 489 534 552 accuratius
550 482 849 568 cognoscendas
868 477 1059 546 nonnihil
1073 474 1238 541 iacien-

123 592 192 658 tia.
242 589 294 654 De
314 610 371 666 eo,
399 587 486 674 quod
505 586 645 652 Christus
665 607 732 649 non
754 585 861 647 omnia
881 582 1008 647 sciverit
1025 590 1061 643 et
1078 577 1238 643 'nonnulla

123 687 288 768 didicerit,
319 688 432 752 homil.
454 686 481 767 1,
505 701 522 754 8
550 687 584 751 in
601 689 719 753 Jarem.
747 687 813 751 vol.
834 683 894 764 111,
920 694 996 752 180:
1040 676 1238 761 „videno’t

124 790 188 869 ait,
216 790 271 870 „si
291 799 403 874 potero
426 787 546 877 aliquid
563 778 695 870 dignum
718 784 991 849 deSalvatorein
1010 782 1166 844 hocloco
1186 780 1239 841 ai·-

124 890 229 970 serre,
265 888 350 974 quod
376 889 532 977 quaedam
561 888 702 952 nesciens
727 890 830 967 major
858 885 896 948 lit
922 884 948 947 fi
971 903 1010 946 ea
1031 882 1238 964 ignoraverit,

125 1011 224 1079 quam
243 990 269 1053 si
287 990 424 1058 scierit..
472 989 647 1079 Respondit
662 985 865 1064 Marnawt,
884 998 941 1052 22:
976 985 1051 1050 Non
1069 983 1152 1063 novi
1171 1003 1238 1048 vos.

53 1144 56 1151 .
124 1088 266 1158 Putasne
284 1092 346 1156 hoc
366 1092 524 1154 minorem
545 1096 614 1171 ejus
633 1091 786 1153 virtutem
806 1089 997 1175 approbare,
1022 1105 1065 1147 an
1083 1087 1239 1164 majorem

78 1210 82 1218 ·
126 1204 223 1279 atque
239 1191 437 1269 mirabilem,
460 1191 532 1277 (pria
552 1193 653 1253 malos
666 1190 888 1275 periturosque
906 1183 1045 1279 nesciat?
1078 1231 1086 1250 .
1107 1182 1240 1249 :Prae-

126 1300 214 1357 terea
234 1290 259 1355 fi
277 1290 453 1355 ascenderis
470 1289 512 1353 ad
532 1292 737 1369 salvatorem,
765 1300 798 1351 et
817 1289 920 1351 [bieria
938 1307 1014 1349 eum
1032 1285 1067 1349 in
1081 1284 1239 1370 principio

126 1390 214 1480 apud
227 1390 335 1455 Deum
348 1394 511 1472 Verbum,
539 1391 656 1481 inspice
669 1391 743 1477 quia
761 1389 876 1451 nesciat
893 1388 999 1473 loqui,
1026 1406 1101 1449 cum
1120 1386 1242 1447 launna-

127 1512 209 1557 uum
228 1492 266 1556 fit
279 1494 339 1555 hoc
357 1491 443 1580 quod
459 1492 573 1556 dicitur
588 1491 692 1577 loqui,
722 1488 832 1567 stideo
848 1489 976 1564 nesciat,
1002 1486 1076 1571 quia
1090 1485 1153 1547 lint
1167 1506 1242 1548 rna-

126 1594 195 1673 jora
210 1612 291 1678 quaa
304 1594 438 1657 noverit.
462 1641 470 1657 .
520 1593 617 1657 Discit
630 1613 705 1671 ergo
720 1602 752 1652 et
766 1585 1003 1675 quodammodo
1018 1585 1134 1672 accipit
1147 1584 1243 1649 disci-

127 1692 250 1780 plinam
269 1714 335 1756 non
355 1715 560 1776 magnorum,
593 1692 645 1755 sed
664 1693 853 1755 inferiorum
875 1675 1103 1753 ac'minorum.
1153 1685 1244 1752 Sicut

128 1803 163 1854 et
176 1812 235 1872 ego
249 1795 405 1857 balbutire
419 1794 518 1876 disco,
539 1794 727 1858 violentiam
740 1792 888 1855 mihimet
901 1791 960 1875 ipli
974 1789 1114 1866 faciens,
1136 1808 1244 1874 quan-

128 1888 173 1953 do
194 1914 267 1955 cum
288 1896 430 1980 parvulis
446 1899 577 1983 loquor3
608 1895 815 1980 nequeenim
831 1893 908 1969 scio,
939 1901 973 1950 ut
985 1889 1029 1950 ita
1044 1886 1167 1967 dicam,
1189 1890 1244 1951 in-

126 1989 284 2056 fantiliter
299 1995 404 2081 loqui,
432 2009 465 2059 et
484 1997 626 2061 infractis
639 1995 744 2057 verbis
757 1997 821 2073 jam
837 1991 1035 2075 grandaevus
1050 2010 1124 2051 cum
1136 1991 1245 2074 puerit

28 2106 34 2113 '
127 2092 347 2175 sennocinari3
380 2094 497 2160 eodem
521 2097 620 2163 modo
644 2097 833 2159 salvatorio
860 2089 1096 2173 magnificentia
1124 2092 1245 2171 gloriae

129 2168 340 2279 quidemilei
358 2197 391 2257 in
410 2210 500 2284 patre
519 2201 703 2276 consistens,
725 2217 791 2258 non
808 2193 1121 2280 loquiturhumana,
1147 2194 1246 2257 nascit

41 2347 52 2377 ,
129 2294 220 2356 assari
239 2314 295 2355 eos
313 2296 367 2379 qui
382 2294 529 2361 deorsum
546 2301 653 2364 sunt.’‘
700 2299 832 2378 „Nemo
847 2305 954 2358 autem
969 2294 1112 2354 nostrum
1126 2290 1245 2357 dixerit

39 2440 42 2447 ·
130 2390 291 2458 Christum
311 2395 374 2456 huc
397 2398 533 2479 venisse,
569 2413 605 2463 ut
626 2399 742 2462 certior
764 2396 805 2459 de
828 2398 925 2459 rebus
946 2392 1101 2456 humanis
1117 2390 1244 2457 ¹lierat”

129 2494 172 2571 (c.
189 2491 267 2557 Cels.
284 2491 343 2572 IV,
360 2504 388 2560 8.
407 2517 438 2580 p.
459 2502 546 2579 60³).
590 2499 701 2562 Potius
722 2509 786 2577 „ut
800 2494 839 2558 ad
856 2516 930 2573 eos,
951 2494 1007 2581 qui
1020 2494 1120 2579 ipsius
1137 2491 1247 2557 deita-

128 2592 173 2656 tis
191 2591 298 2655 radios
316 2593 581 2686 splendoremque
600 2598 755 2662 sustinere
776 2617 839 2658 non
853 2598 996 2681 possunt,
1024 2593 1247 2660 accommodet

130 2693 180 2772 ie,
208 2695 245 2757 lit
262 2706 413 2780 tanquam
436 2720 508 2762 caro
528 2713 561 2763 et
579 2720 658 2763 voca
675 2717 826 2783 corporea
845 2698 962 2775 utitur,
992 2693 1096 2758 donec
1116 2695 1160 2775 ii,
1191 2696 1248 2783 qui

129 2793 234 2880 ipsum
249 2798 346 2858 talem
359 2797 526 2883 recipiunt,
540 2801 630 2867 brevi
644 2800 763 2886 abipso
777 2797 872 2860 altius
886 2798 972 2877 elati,
984 2796 1197 2883 principalem
1212 2807 1249 2861 ut

130 2894 177 2959 ita
201 2893 304 2959 dicam
331 2898 400 2975 ejus
425 2899 563 2964 formam
587 2900 706 2965 intueri
724 2899 867 2985 posfint'’
897 2899 955 2977 (ib.
977 2902 1002 2983 i.
1028 2905 1078 2963 1⁵.
1100 2918 1133 2983 p.
1159 2901 1246 2978 ⁵1¹).

131 2994 275 3080 „Neque
301 2996 412 3061 iccirco
435 3022 477 3063 ex
503 3006 587 3067 bono
612 3003 647 3065 in
672 3003 795 3063 malum
819 3010 960 3062 mutatus
980 3002 1045 3081 est,
1079 3010 1249 3085 peccatum

131 3096 221 3159 enim
238 3118 304 3158 non
317 3100 407 3181 secit3
435 3123 541 3189 neque
555 3124 596 3166 ex
609 3103 744 3188 pulchro
757 3102 790 3162 in
804 3114 951 3187 turpem,
979 3122 1045 3163 non
1059 3101 1150 3163 enim
1166 3122 1249 3188 pec·

80 3264 83 3269 ,
132 3205 239 3259 catum
259 3197 366 3278 novit,
400 3224 506 3290 neque
529 3226 571 3266 ex
590 3202 743 3265 felicitate
762 3203 795 3265 in
817 3203 1038 3265 infelicitatem
1056 3202 1168 3282 venit,
1196 3198 1251 3265 sed

131 3298 232 3363 semet
255 3298 359 3382 ipsum
385 3302 583 3384 humiliavit,
618 3305 700 3367 nibil
719 3305 792 3366 suaa
811 3303 971 3367 solicitatis
990 3303 1160 3382 amittens,
1196 3302 1252 3366 rel

133 3416 207 3462 cum
223 3398 370 3483 seipsum
390 3402 591 3467 humiliando
613 3404 748 3467 humani
767 3404 892 3484 generis
912 3401 1041 3465 utilitati
1060 3404 1251 3468 consuleret.

93 3531 96 3535 ¹
131 3498 246 3586 Neque
263 3501 362 3562 etiam
382 3524 424 3564 ex
444 3508 567 3590 optimo
586 3518 727 3569 mutatus
749 3507 794 3568 est
811 3507 845 3567 in
865 3504 1102 3590 nequissimum.
1153 3502 1253 3584 Quo-

131 3600 232 3664 modo
256 3600 343 3662 enim
363 3603 540 3685 benignitas
563 3618 596 3670 et
617 3608 801 3669 humanitas
820 3605 856 3666 in
878 3604 1075 3690 nequissimis
1100 3602 1253 3667 essent?”

133 3702 220 3781 (ib).
270 3700 416 3786 „Siquis
433 3716 541 3768 autem
558 3707 699 3769 animant
713 3704 786 3770 iesu
803 3717 959 3769 mutatam
981 3704 1081 3784 (licat,
1110 3704 1255 3793 eoquod

132 3802 190 3866 illa
208 3803 241 3865 in
261 3823 375 3888 corpus
395 3806 536 3885 venerit,
563 3828 714 3892 quaeram
735 3828 831 3893 quam
852 3808 1008 3887 intelligat
1026 3809 1253 3873 mutationem.

106 3940 111 3953 ·
134 3901 171 3966 si
185 3904 373 3965 substantiae
387 3896 535 3986 (οὐσίας)
555 3907 689 3989 dixerit,
719 3913 841 3990 negabo
860 3931 925 3971 uon
942 3910 1044 3971 solum
1060 3910 1173 3988 illam,
1200 3906 1254 3971 sed

133 4001 233 4065 etiam
255 4005 429 4089 quamlibet
444 4006 541 4069 aliam
562 4011 750 4072 rationalem
766 4013 906 4073 animam
922 4010 1057 4088 minari,
1078 4009 1126 4070 sin
1140 4021 1254 4072 mnta-

135 4111 203 4163 tam
223 4116 359 4189 pugnet,
388 4107 461 4191 quia
482 4111 607 4196 corpori
623 4112 771 4174 immixta
794 4110 915 4198 aliquid
937 4114 977 4173 ab
999 4111 1056 4172 illo
1080 4122 1115 4172 et
1138 4112 1255 4185 aloem

63 4260 68 4275 ,
129 4194 171 4269 in
188 4222 287 4288 quern
308 4206 415 4290 uenit,
443 4210 579 4295 patitur,
607 4211 684 4299 quid
699 4210 776 4278 inde
788 4210 914 4277 absurdi
926 4211 1039 4278 inserti
1052 4214 1158 4298 potest
1173 4232 1255 4278 cou-

69 4381 129 4482 h

897 4352 921 4391 l
