2572 4770
518 247 698 343 Origenea.
1123 266 1171 335 75

58 424 159 505 hoino
178 425 248 490 loci·
261 427 556 514 interpretationem
572 429 713 511 adjecit).
751 429 916 497 Addimus
935 433 1177 521 interpretatio·

58 547 140 591 nem
165 530 262 613 primi
290 532 458 594 curmontis
481 534 640 612 evangelii
658 532 728 597 Joh.
751 533 805 611 (Τ.
819 533 875 598 Ι,’
865 535 984 599 rnJoh
1006 536 1056 600 ed.
1077 538 1173 609 Huet·

58 631 129 693 rol.
142 629 187 709 ll,
199 633 346 718 ioqu.)
321 632 721 712 )O.,uernadmodum,”
736 634 1030 714 haecnoiterdicit‚
1048 638 1176 716 „Chri-
1270 630 1274 637 ¹

61 732 132 793 itur
153 749 209 811 eo,
236 731 322 816 quod
341 735 502 797 illuminet
522 733 696 814 mundum,
723 734 909 797 luxmundi
925 740 1120 823 appellatur
1142 722 1203 808 ot'¹
1260 766 1266 773 ·

62 840 196 919 propter
222 834 302 895 aliae
328 836 468 897 actiones
494 837 695 914 resurrectio,
738 837 842 919 pastor
870 848 903 897 et
924 854 1110 927 praeceptor
1141 858 1177 911 et

61 952 124 995 rex
144 943 221 1011 etc„
250 933 294 994 ita
309 937 406 997 etiarn
423 927 551 1020 ὁλόγος
567 935 696 1014 dicitur,
722 935 794 1021 quia
808 935 957 1022 quicquid
976 940 1010 1002 in
1023 944 1116 1007 nobis
1130 947 1177 1011 eit

59 1054 80 1096 a
93 1033 221 1097 ratione
235 1035 374 1096 alienum
389 1037 492 1099 aufert
505 1038 588 1116 (πᾶν
600 1027 721 1121 όλογον
733 1025 825 1122 ἡμῶν
836 1038 1037 1122 περιαιρῶν)
1044 1084 1053 1114 ,
1066 1031 1099 1105 et
1111 1041 1176 1109 doe

59 1146 186 1199 cetum
197 1137 324 1198 veritati
337 1139 564 1202 convenienter
575 1141 704 1217 uivere,
733 1137 813 1200 adeo
834 1150 869 1200 nt
880 1139 914 1200 in
929 1141 1077 1215 omnibus
1090 1146 1176 1212 vitae

59 1236 221 1316 negatur,
256 1237 310 1299 rel
332 1236 557 1302 manducando
582 1241 637 1303 rel
660 1237 799 1302 bibendo
820 1239 937 1318 gloriae
956 1239 1020 1302 Dei
1044 1241 1180 1308 studea-

59 1357 147 1400 mus.
163 1383 172 1399 .
188 1384 197 1400 .
239 1335 306 1400 Sed
319 1340 421 1422 potest
434 1340 531 1401 etiam
544 1342 631 1405 filius
646 1339 709 1404 Dei
721 1333 740 1404 ό
752 1331 851 1422 λόγος
863 1342 944 1418 eise,
966 1358 1006 1402 eo
1020 1341 1108 1426 quod
1120 1364 1179 1433 ποτ

60 1439 196 1500 nunciet
219 1439 342 1500 occulta
361 1440 459 1525 patris
484 1442 588 1521 illius,
622 1443 676 1527 qui
694 1438 828 1527 perinde
852 1462 887 1502 ac
906 1440 993 1504 iilius
1012 1445 1057 1505 eit
1073 1464 1176 1515 mena,

61 1536 108 1602 Ut
126 1539 215 1602 enim
235 1538 323 1627 apud
347 1562 406 1604 uos
423 1543 527 1604 fermo
547 1544 685 1607 nuncius
706 1545 751 1605 eit
770 1562 881 1604 earum
901 1562 1025 1622 rerum,
1055 1566 1136 1630 quae
1157 1568 1178 1610 a

58 1653 175 1704 mente
191 1654 379 1722 cernuntur,
401 1643 442 1707 fic
457 1644 513 1707 ille
525 1643 589 1706 Dei
599 1646 721 1723 fermo,
745 1642 800 1727 qui
814 1655 937 1728 patrem
949 1647 1096 1727 agnovit,
1115 1668 1179 1732 pn*

59 1752 147 1805 trem
162 1744 306 1823 agnitum
318 1745 449 1807 revelat.
492 1744 596 1808 Nemo
611 1746 699 1806 enim
713 1745 842 1824 agnovit
856 1756 995 1829 patrem,
1010 1746 1069 1810 nifi
1080 1748 1178 1830 filine,

60 1854 121 1906 eut
138 1844 211 1922 ille,
243 1848 293 1908 cni
314 1847 399 1909 filius
419 1847 584 1908 revelavit.
631 1843 664 1908 ln
683 1835 783 1926 λόγος
800 1855 869 1906 erat
888 1837 923 1907 ἐν
940 1835 1032 1931 ἀργῇ.
1076 1838 1176 1937 Ἀρχὴ

27 1980 30 1985 -
64 1941 182 2007 dicitur
193 1948 259 2031 ipse
273 1948 375 2026 filius,
397 1958 554 2033 quatenus
568 1947 614 2008 eit
626 1946 796 2029 sapientia,
817 1965 985 2029 perquam
999 1948 1105 2008 omnia
1122 1951 1180 2013 io*

61 2046 107 2110 cit
129 2046 235 2125 Deus,
264 2046 389 2111 dicente
413 2047 567 2131 sapientia
590 2044 676 2130 apud
701 2044 925 2108 Salomonem:
952 2043 1041 2109 Deus
1060 2052 1180 2115 crearit

59 2240 480 2337 minimorumque
524 2195 1180 2337 Facileantemrntellr‘umus,ed1n‚qui

62 2350 111 2410 eit
135 2339 211 2411 ἕν’
190 2347 316 2436 αρχῇἰ.
339 2371 366 2414 e
386 2371 428 2435 τγγ
411 2345 571 2438 σοφίᾳ,
605 2354 729 2436 semper
748 2350 826 2425 etse,
859 2366 918 2407 nec
935 2346 1098 2430 prohiberi
1118 2346 1182 2412 effe

61 2447 150 2534 opud
173 2450 297 2529 Deum,
327 2472 400 2514 cum
421 2452 519 2513 etiam
539 2454 576 2514 iit
593 2452 660 2538 ipse
677 2452 784 2527 Deus
811 2447 972 2526 subjungit
994 2449 1097 2510 enim.
1120 2436 1184 2513 οὗ

61 2569 124 2626 τος
137 2539 206 2637 ἦν’
190 2573 226 2615 εν
238 2545 322 2640 ἀργῇ
334 2545 422 2635 πρὸς
433 2547 491 2613 τὸν
503 2548 602 2627 θεὸν,
625 2573 683 2615 και
673 2543 781 2625 θεός
799 2535 838 2637 ἦν
858 2569 877 2611 ο
861 2537 1002 2630 λόγος.
1053 2549 1183 2614 Poterat
1197 2624 1201 2629 ⁸

65 2653 156 2715 enim
172 2651 292 2718 dicere:
314 2636 387 2715 Hic
390 2665 457 2715 erat
471 2653 555 2739 apud
570 2653 687 2718 Deum.
737 2648 803 2714 Sed
823 2646 1097 2738 quemadmodum
1116 2664 1185 2717 erat

65 2743 134 2817 ἓν
114 2750 219 2839 noxii,
243 2755 285 2821 iic
301 2766 333 2817 et
348 2751 432 2838 apud
449 2752 555 2816 Deum
575 2743 643 2815 ἐν
624 2752 707 2838 αρχῇ
722 2764 805 2830 erat,
835 2762 868 2813 et
887 2750 994 2814 omnia
1009 2752 1093 2814 iacta
1111 2756 1184 2818 funt

66 2872 125 2939 per
139 2873 233 2934 eum,
263 2855 319 2939 qui
337 2866 406 2917 erat
425 2848 517 2918 ἐν
476 2876 518 2939 τῃ
535 2844 635 2938 immi,-
657 2854 765 2926 omnia
778 2852 864 2915 enim
878 2849 996 2914 Deus
985 2854 1186 2939 rofapientia

66 2955 152 3017 fecit.
211 2955 445 3020 Potesttamen
465 2955 526 3038 τῆς
547 2943 647 3039 ἀρχῆς
667 2976 787 3018 nomen
810 2954 907 3016 etiam
926 2950 1008 3012 fumi
1033 2951 1073 3014 de
1092 2954 1185 3019 initio
1247 3018 1250 3023 ,

46 3068 49 3077 ’
67 3053 202 3133 mundi,
224 3066 261 3117 ut
277 3055 433 3121 discamus
450 3076 508 3141 per
521 3057 600 3118 haec
619 3054 719 3133 dicta,
748 3047 848 3135 λόγον
864 3054 958 3114 illurn
973 3053 1187 3138 antiquiorem

69 3157 133 3218 effe
148 3158 245 3219 rebus
257 3157 348 3218 initio
360 3157 461 3218 iactis.
504 3155 575 3221 Καὶ
588 3150 672 3230 θεὸς
687 3144 728 3241 ἦν
746 3144 885 3235 ὁλόγος.
935 3151 1099 3218 Johannea
1112 3148 1189 3236 (οὔχ

68 3245 113 3333 ὤς
145 3245 323 3343 {Marruvia
343 3246 578 3343 ἀκριβολογίαν
602 3248 661 3321 οὐκ
686 3245 920 3335 ἐπισπόμενος)
950 3267 1093 3319 accurate
1111 3256 1189 3319 alibi

10 3424 12 3435 ,
69 3354 202 3445 quidem
215 3357 355 3423 articulis
370 3361 444 3424 uiua
458 3361 519 3437 est,
541 3358 618 3420 alibi
630 3378 708 3419 vero
721 3376 777 3418 eos
790 3353 935 3433 reticuit3
965 3374 1041 3419 uam
1058 3357 1190 3419 invoco

67 3455 130 3525 τοῦ
148 3447 253 3540 λόγου
273 3480 347 3525 cuin
371 3455 532 3522 addiderit
550 3457 719 3521 articulum
743 3448 779 3530 ό,
812 3453 848 3516 in
867 3452 931 3521 Dei
950 3456 1106 3523 vocabulo
1124 3456 1191 3516 ali-

68 3557 201 3646 qnando
219 3562 328 3645 ponit,
357 3555 530 3646 aliquando
555 3553 747 3620 discriminis
767 3558 859 3619 causa
879 3557 1058 3642 conponit.
1105 3554 1190 3622 Nam

68 3680 144 3725 eum
161 3659 229 3724 Dei
252 3662 446 3724 vocabulum
471 3661 638 3742 usurpatur
659 3653 700 3718 de
720 3657 864 3738 ingenito
885 3656 1106 3718 universorum
1127 3674 1192 3716 au-

69 3773 176 3842 ctore,
198 3763 369 3825 articulum
383 3760 491 3847 ponit,
514 3760 626 3821 reticet
639 3766 768 3837 autem,
796 3777 870 3819 cum
891 3744 910 3819 ό
931 3744 1031 3837 λόγος
1043 3753 1192 3837 appella-

67 3873 122 3928 tur
135 3860 236 3930 Deua.
288 3862 372 3925 Hine
392 3862 471 3924 solvi
490 3861 592 3946 potest
610 3856 694 3921 illud
707 3856 858 3938 dubium,
879 3853 965 3942 quod
978 3853 1098 3917 multoc
1111 3874 1193 3941 per-

67 3964 195 4044 turbat,
238 3982 274 4025 ac
302 3963 327 4026 Γί
362 3959 426 4025 duo
461 3959 719 4052 praedicarentur
753 3957 847 4022 Diu·
877 3952 1057 4020 Dicendum
1092 3954 1191 4036 enim,

66 4063 181 4133 Deum
193 4085 269 4128 cum
282 4063 412 4127 articulo
426 4055 593 4127 οὐτόθοον
605 4065 679 4142 effe,
689 4070 883 4151 quapropter
895 4057 992 4119 etiam
1005 4057 1145 4119 serrator
1157 4056 1194 4121 in

10 4160 34 4241 Γ·
67 4167 256 4259 pacatione
276 4163 318 4231 ad
330 4177 455 4253 patrem
474 4164 562 4248 (Joh.
574 4162 687 4251 XVII,
701 4167 736 4247 5)
748 4160 870 4248 inquit,
897 4168 931 4222 ut
947 4157 1135 4239 cognoscant
1147 4166 1194 4236 te,

1053 4482 1056 4489 .
1149 4374 1224 4498 Ι
