2572 4770
215 292 219 301 ·
338 266 460 342 Arina
512 266 715 364 (Menariae
737 263 949 365 Politiuiu).
1123 270 1207 345 tat·

87 452 328 519 veromimra..
370 449 513 514 ‘Animae
526 460 558 515 et
568 453 722 533 juliorum
735 449 965 531 etiajultorum
979 449 1200 531 angelievita
1247 528 1252 538 ι

88 549 248 632 educunt,
273 552 462 631 injustorum
475 551 599 617 animae
615 550 826 638 praesentiam
840 552 1028 632 angelorum
1039 554 1200 619 exhorre-

88 655 221 717 scentes.
237 700 245 717 .
280 653 401 716 Anima
415 651 521 730 injusti
533 663 706 741 antequam
716 652 839 714 sistetur
849 649 964 732 judici,
977 671 998 713 a
1010 653 1199 718 conscientia

86 755 144 815 sua
162 751 376 816 indesinenter
393 749 589 832 judicatur..”
636 752 697 816 Hie
717 753 868 838 expolitio
890 755 931 816 ab
950 752 1074 830 angelis
1086 749 1219 837 Maca--

86 853 156 916 rino
176 855 314 940 quaerit:
348 850 648 939 „Quandoquidem
665 873 708 917 ex
725 853 866 939 patribus
876 851 1030 917 traditum
1042 854 1106 933 est,
1128 850 1210 917 ter-i

86 953 134 1017 tia
156 965 189 1016 et
214 975 300 1017 nona
324 966 358 1019 et
379 952 615 1040 quadragesima
639 950 692 1016 die
713 938 911 1018 oblaticinem
932 966 1139 1040 premortuo
1162 956 1207 1021 in.

87 1053 216 1116 ecclelia
230 1052 301 1117 Deo
320 1053 428 1139 reddi,
459 1052 535 1140 quid
554 1055 698 1118 utilitatis
712 1052 830 1118 exinde
845 1054 971 1119 animae
986 1053 1021 1117 in
1037 1056 1127 1119 exitu
1141 1076 1202 1119 re-

88 1150 261 1217 dundet?’'
304 1154 390 1219 Dicit
409 1157 557 1237 angelus:
591 1155 676 1233 „Nil
689 1154 906 1241 inopportune
917 1176 1027 1242 ¹neque
1040 1156 1207 1223 inutiliter.

88 1252 124 1314 in
149 1250 277 1317 ecclelia
298 1258 353 1319 sua
373 1257 444 1321 fieri
462 1252 731 1334 conectuntur,
761 1257 905 1319 coelestia
927 1277 1003 1320 vero
1022 1268 1055 1320 et
1070 1268 1200 1321 terrena

86 1352 186 1439 ipsius
203 1357 352 1436 mysteria
373 1358 408 1419 in
427 1358 557 1421 ecclesia
575 1357 629 1417 sua
647 1354 718 1417 lieri
733 1357 879 1420 concessit
892 1355 983 1421 Deua
1001 1367 1035 1419 et
1046 1357 1202 1421 celebrari

72 1454 183 1537 ¹jussit.
206 1500 215 1517 .
257 1455 319 1519 Per
334 1455 414 1521 duos
430 1457 500 1521 dieo
512 1455 705 1543 permittitur
719 1456 862 1532 animae,
887 1459 927 1520 ab
942 1449 1063 1539 angelie
1074 1458 1201 1522 satelli-

87 1553 173 1616 tibue
188 1555 337 1640 stipatae,
359 1559 393 1621 in
410 1570 510 1633 terra,
533 1557 712 1642 ubicunque
726 1558 822 1637 velit,
842 1558 1059 1623 obambulare.
1104 1555 1201 1637 Quae

87 1655 228 1740 corporis
251 1657 348 1736 igitur
373 1660 474 1723 amori
499 1656 679 1743 mancipata
704 1658 748 1719 est
771 1659 895 1738 anima,
934 1654 1106 1746 aliquando
1133 1658 1201 1722 do-

86 1775 195 1837 mum,
219 1757 254 1818 in
272 1780 333 1843 qua
351 1761 490 1846 seperate
508 1762 572 1837 est,
600 1760 867 1841 circumvagatur,
882 1780 1126 1846 ¹nonnunquam
1144 1762 1202 1824 se-

86 1858 250 1942 pulcrum,
276 1859 312 1920 in
332 1881 395 1944 quo
417 1858 617 1924 reconditum
633 1861 678 1921 est
693 1880 826 1943 corpue;
851 1868 886 1923 et
904 1857 945 1921 nd
965 1862 1051 1923 bunc
1065 1859 1202 1929 modum

87 1955 224 2020 biduum
245 1958 362 2039 exigit,
386 1972 498 2046 portus
516 1960 558 2023 ad
571 1961 666 2023 instar
677 1958 813 2023 cadaver
826 1960 919 2023 suum
931 1981 1099 2045 quaerens.
1142 1964 1205 2031 Pia

87 2078 167 2121 vero
190 2056 297 2118 anima
319 2056 359 2120 ad
379 2060 484 2139 locos,
516 2062 552 2124 in
574 2064 689 2148 quibua
707 2062 858 2142 justitiam
881 2063 1007 2147 operari
1027 2065 1209 2146 consuevit,-

87 2158 164 2220 abit.
207 2156 318 2220 Tertio
333 2171 442 2223 autem
457 2158 510 2223 die
523 2184 637 2227 omnes
654 2164 903 2227 Christianorum
918 2161 1041 2226 animae
1059 2162 1101 2225 ad
1120 2184 1203 2227 coe·-

86 2258 137 2319 loa
151 2255 265 2319 adduci
277 2262 384 2342 jubet,
406 2261 532 2348 quidie
543 2264 637 2327 tertio
657 2282 677 2325 a
693 2263 829 2326 mortuis
843 2263 1030 2343 resurrexit,
1059 2262 1202 2330 christun

87 2359 236 2420 omnium
267 2359 380 2442 Deus,
421 2373 459 2426 ut
490 2365 753 2428 resurrectionem
786 2364 884 2450 ipsius
917 2352 1061 2427 imitatae
1089 2363 1201 2431 Deum

88 2461 235 2522 omnium
248 2474 463 2525 creaturarum
477 2462 646 2530 adorent..
687 2465 818 2529 Posthac
836 2462 938 2527 aDeo
955 2460 1141 2545 mandatur,
1162 2476 1202 2530 ut

89 2558 212 2623 diverso
233 2581 431 2650 amoenaque
450 2567 629 2628 sanctorum
649 2565 830 2628 habitacula
848 2574 881 2627 et
898 2562 1034 2651 peradisi
1052 2558 1203 2650 pulchri-

87 2659 168 2725 tudo
191 2653 560 2730 animae'oltendantnr.
614 2664 676 2730 Ista
702 2665 811 2729 omnia
836 2665 985 2751 perdiscit
1010 2666 1116 2728 anima
1144 2669 1202 2733 sex

89 2760 214 2828 diebus.
243 2811 252 2828 .
305 2764 392 2827 Tum
415 2777 547 2852 repente
568 2778 710 2830 mutatur
736 2780 771 2831 et
796 2765 916 2830 doloris
942 2766 1005 2845 lui,
1042 2785 1140 2852 quem
1164 2766 1203 2833 in

90 2885 222 2951 corpore
240 2865 339 2951 polita
352 2866 547 2951 potiebatur,
568 2868 772 2934 obliviscitur.
815 2866 873 2932 Sin
889 2888 967 2931 aero
986 2867 1122 2951 peccetis
1137 2866 1203 2930 ob-
1276 2880 1280 2888 “

89 2968 188 3029 noxia
218 2967 272 3046 lit,
312 2988 386 3030 cum
411 2970 589 3031 sanctorum
613 2970 795 3055 voluptates
826 2966 934 3048 videt,
972 2967 1147 3030 contristari
1168 2969 1204 3032 sa

88 3068 254 3155 ipsamque
273 3067 485 3132 condemnare
506 3068 660 3157 incipit..
708 3069 920 3135 Tumtanima
940 3071 1046 3133 rursua
1061 3067 1102 3132 ad
1116 3067 1204 3134 ado-
1262 3104 1266 3115 ·

90 3168 343 3234 randumDeum
357 3168 560 3235 adducitur..
602 3167 732 3235 Deinde
745 3170 780 3232 in
793 3170 958 3233 infernum
968 3168 1150 3251 deducitur,
1165 3216 1175 3236 .
1190 3216 1207 3237 .
1275 3164 1282 3173 ’

90 3283 125 3336 et
142 3270 283 3334 diversae
305 3260 514 3335 ostenduntur
532 3270 706 3359 impiorum
723 3290 865 3356 poenae,
900 3272 1014 3357 quibua
1031 3269 1206 3335 assidentes

90 3386 293 3463 peccatorum
318 3373 444 3437 animae
465 3372 585 3437 assidue
611 3374 724 3452 lugent
749 3391 786 3434 ae
810 3369 922 3435 dentea
943 3369 1090 3443 ¹stridunt.
1138 3368 1204 3434 Per

89 3475 186 3550 haece,
207 3493 384 3558 poenarum
404 3473 601 3538 diversitates
615 3472 835 3537 circumfertur
851 3471 959 3535 anima
971 3468 1075 3535 XXX
1090 3466 1170 3533 dies.
1191 3462 1211 3534 .'

90 3574 154 3639 Die
167 3574 242 3638 XL.
262 3576 378 3639 iterum
399 3573 440 3638 ad
461 3573 661 3638 adorandum
674 3563 781 3639 Deum
798 3570 979 3652 reducitur,
1010 3581 1042 3632 et
1060 3581 1129 3630 tum
1147 3570 1205 3632 se·-

93 3675 234 3742 cundum
254 3696 352 3760 opera
368 3677 457 3739 illius
478 3678 584 3740 locum
603 3676 668 3751 illi,
701 3675 758 3737 ubi
779 3674 814 3735 in
832 3686 997 3736 aeternum
1015 3671 1204 3753 asservetur,

92 3777 204 3841 indicit
224 3775 332 3862 judex.
355 3823 364 3842 .
419 3777 559 3842 Animae
584 3800 651 3842 non
672 3776 846 3862 baptizatae
869 3773 973 3855 angeli
991 3771 1203 3836 inclementes

94 3901 137 3944 ex
150 3900 280 3965 corpore
294 3877 476 3964 excipiunt,
497 3881 701 3942 verberantes
714 3880 787 3943 illas
799 3887 831 3939 et
844 3875 1002 3940 dicentes:
1021 3867 1203 3941 ,Adeadum

93 3979 193 4065 impia
211 3981 334 4060 animm
368 3980 440 4065 quie
462 3977 611 4043 dominun
631 3991 706 4043 tuuc
733 3980 940 4064 omniumque
959 3975 1068 4049 Deua,
1102 3991 1202 4058 quem

93 4082 171 4146 scire
194 4083 337 4163 noluisti,
376 4083 411 4145 in
438 4080 561 4144 mundo
588 4085 695 4146 secura
727 4077 871 4161 degens?
908 4077 1001 4144 Nunc
1024 4093 1102 4171 vero
1123 4091 1202 4139 eum

93 4184 226 4268 agnosce
240 4184 377 4249 aeternio
393 4180 518 4247 addicta
529 4184 669 4272 poenia‘’
682 4194 716 4248 et
729 4204 782 4270 qu.
796 4183 856 4265 sq.)
