2572 4770
471 358 583 391 -.
624 326 670 420 69
720 348 836 381 -ι--
939 376 945 387 .

105 494 281 585 episcopus
296 493 456 587 Dionysio
471 498 674 588 opprobrat,
694 515 772 567 ante
784 501 1046 589 persecutionem
1070 504 1179 585 nullas

104 599 215 686 ipsum
233 598 383 665 babuisse
395 602 585 682 conciones,
609 602 690 669 etin
712 602 946 689 sugasalutem
962 606 1178 693 quaesivisse),
1235 634 1244 641 ·’

106 713 148 767 nt
160 715 314 788 aegrotos
326 702 361 767 in
380 704 518 771 exilium
536 706 648 793 pulsus
665 704 814 792 primum
831 706 866 771 in
881 708 989 771 vicum
1008 707 1177 795 quendam

104 802 270 869 solitudini
286 803 497 891 proximum,
517 807 571 873 cui
584 831 705 873 nomen
719 807 874 894 Cephrn,
897 806 954 877 uhi
969 811 1080 877 multis
1092 833 1177 898 pro-

47 904 53 915 '
101 903 224 985 suerit,
250 905 368 973 deinde
378 907 413 975 in
423 908 592 995 regiobem
602 908 825 977 Colluthionis
835 909 1027 998 provinciae
1039 914 1177 979 Mareo-

103 1007 193 1073 ticae
214 1007 281 1074 sese
303 1011 498 1092 contulerit,
539 1011 694 1083 omuibus
712 1026 825 1079 autem
845 1014 881 1079 in
905 1010 1010 1079 rebus
1031 1013 1176 1083 adversis

102 1101 406 1178 animum'sortem
425 1127 458 1180 et
478 1115 617 1181 meliora
633 1115 821 1202 sperantem
836 1111 995 1181 fortunae
1013 1116 1176 1202 opposue-
1207 1110 1216 1119 “

102 1211 164 1290 rit,
186 1232 252 1279 nec
270 1214 346 1281 Deo
367 1216 505 1304 eiusque
525 1216 595 1283 silio
616 1231 650 1293 et
667 1215 777 1285 verbis
792 1231 825 1287 et
844 1216 940 1285 lactis
962 1216 1088 1283 servire
1109 1239 1176 1285 un-

103 1336 207 1402 quam
221 1315 359 1383 desierit.

181 1455 197 1463 -
213 1419 368 1487 Tandem
381 1442 469 1485 anno
484 1421 626 1501 CCLX,
648 1421 803 1489 Gallieno
820 1420 861 1486 ad
881 1418 1060 1511 imperium
1075 1442 1175 1486 acce-
1205 1424 1212 1433 '

103 1518 221 1599 dente,
244 1520 488 1588 Alexandriam
506 1526 672 1610 regressus
688 1529 732 1590 est
750 1520 890 1611 (Euseb.
909 1524 942 1592 h.
957 1548 985 1593 e.
999 1525 1084 1600 Vll,
1115 1521 1172 1591 13.

103 1618 239 1705 21⁷⁰);
268 1622 312 1687 cs·
334 1622 477 1713 Niceph.
497 1627 563 1707 VI,
595 1622 676 1705 18),
706 1624 780 1705 ubi,
818 1626 939 1714 partior
965 1625 1032 1693 iarn
1062 1636 1173 1713 antea,

102 1725 225 1811 partim
240 1726 412 1793 etiamtum
427 1727 515 1794 bello
540 1731 553 1801 (
562 1728 681 1795 Euseb.
701 1728 733 1794 h.
749 1753 779 1794 e·
794 1730 879 1810 Vll,
891 1753 948 1795 21.
967 1733 1006 1815 ql·
1021 1724 1093 1799 515
1106 1739 1170 1794 etc.

104 1851 161 1893 22.
188 1826 356 1917 p.519),
393 1828 484 1897 same
515 1822 663 1920 (Enseb.
686 1833 839 1907 Vll‚22.
871 1815 1044 1919 p.519),
1083 1833 1169 1916 pelte
1214 1902 1220 1919 ,

52 1926 55 1935 '
102 1928 200 2004 (ibid.
221 1951 255 2016 p.
276 1926 350 1999 518
368 1930 460 2018 sqq.)
485 1931 724 2007 saevientibus,
768 1933 915 2017 semper,
954 1944 987 1997 et
1015 1932 1168 2016 praesens

103 2042 134 2097 et
154 2032 289 2107 absens,
327 2032 504 2119 prudentia
525 2032 587 2098 sua
614 2033 803 2118 virtuteque
824 2032 924 2097 sullit.
988 2030 1170 2097 Nonmodo

104 2154 176 2199 curn
196 2133 388 2220 gentilibus,
416 2134 470 2201 sed
491 2133 590 2201 etiarn
610 2158 689 2199 cum
704 2126 915 2205 schismaticis
935 2143 967 2197 et
985 2129 1171 2207 lraereliur-
1194 2142 1197 2147 '

103 2235 168 2301 chis
187 2236 348 2302 conllinit.
398 2240 569 2305 Novarum
590 2239 844 2351 (Hieronymus
862 2236 884 2315 l.
902 2236 924 2313 l.
941 2233 1042 2309 habet
1058 2234 1167 2311 „No-

103 2338 319 2418 ratianum;“
353 2339 418 2405 rid.
438 2343 463 2409 l.
486 2338 531 2407 A.
552 2339 699 2407 Fabricii
715 2352 828 2405 annot.
849 2337 890 2403 ad
911 2337 1001 2403 harno
1024 2337 1166 2403 Hieron.

101 2438 160 2506 loc.
180 2440 214 2506 in
235 2440 384 2505 biblioth.
405 2443 518 2507 eccles.
540 2465 574 2530 p.
595 2440 663 2524 154
677 2430 725 2519 s.)
749 2442 790 2507 ad
814 2442 982 2505 ecclesiam
1003 2438 1167 2521 reclusere

100 2556 234 2609 conatus
254 2548 296 2609 cst
320 2535 414 2630 (vid.
430 2544 550 2611 Euseb.
572 2544 606 2611 h.
626 2567 654 2611 e.
667 2546 735 2623 VI,
759 2543 825 2626 45,
849 2542 909 2607 uhi
926 2541 1009 2619 lraoc
1030 2562 1170 2627 quoque
1256 2542 1261 2551 '

100 2644 173 2711 dicit
182 2646 382 2733 Dionysius:
408 2637 471 2713 lber
491 2646 551 2733 μὲν
570 2637 700 2735 qaipaoel
717 2645 782 2710 πᾶν
804 2644 908 2713 ὁτιοῦν
924 2644 1060 2720 παθεῖν,
1081 2640 1163 2730 ύπὲρ

98 2746 153 2813 τοῦ
166 2738 210 2834 μὴ
224 2737 377 2828 blandibat
393 2739 449 2825 ‘nia
464 2745 625 2825 lantardo
644 2748 705 2813 coil
722 2748 803 2813 ent
807 2773 819 2831 3
842 2759 875 2813 et
894 2743 938 2811 cs.
951 2743 1075 2821 Euseb.
1084 2744 1184 2823 Vll,·

99 2844 136 2930 ὃ,
167 2850 372 2938 Hieronym.
399 2850 423 2915 l.
444 2851 466 2917 l.
487 2863 520 2916 et
540 2849 683 2939 Niceph.
704 2851 771 2925 VI,
797 2847 861 2931 4),
893 2847 933 2913 de
958 2843 1162 2934 baptizandis
1217 2916 1223 2931 ⁸

96 2946 269 3018 luereticis
296 2957 556 3019 controversiam
575 2952 692 3038 'sopire
712 2973 775 3038 pro
795 2947 923 3018 viribus
947 2947 1067 3015 studuit
1093 2944 1161 3030 (cs.

94 3053 211 3119 Eulab.
224 3054 258 3120 h.
271 3078 300 3119 e.
311 3056 394 3130 Vll,
413 3053 445 3123 5.
459 3070 494 3143 7.
511 3054 576 3143 9),
600 3056 641 3121 in·
652 3054 815 3142 Cypriani
830 3068 942 3120 tamen
955 3063 1066 3138 partes
1078 3072 1161 3138 pro-

91 3160 240 3241 pensior,
265 3155 448 3233 Sabellium
465 3168 555 3223 tanto
569 3180 647 3223 curn
665 3156 786 3221 ardore
799 3154 1007 3244 oppugnavit
1024 3152 1159 3231 (Euseb.

92 3258 154 3325 Vll
164 3305 175 3331 ,
196 3258 245 3338 .b';
266 3260 415 3331 Hieron.
431 3259 454 3324 l.
472 3258 535 3337 l.),
560 3274 597 3326 ut
617 3259 733 3346 ipsein
751 3257 971 3343 suspicionem
984 3253 1159 3331 haereseos

88 3358 249 3426 incideret
273 3359 440 3447 (Nicepb.
460 3360 533 3436 Vl,¹
557 3359 626 3439 25)
652 3372 686 3425 et
705 3360 793 3444 apud
812 3359 1014 3447 Dionysium
1029 3356 1159 3424 Roma-

88 3484 168 3529 aum
194 3462 424 3544 accusaretur,
453 3461 507 3526 sed
528 3462 680 3548 apologia
696 3460 762 3526 sese
785 3452 976 3529 defenderet
998 3457 1064 3543 (cs.
1083 3462 1157 3524 Eu·
1246 3534 1251 3543 .

86 3564 150 3631 seb.
174 3566 259 3643 Vll,
284 3564 372 3645 26),
408 3577 441 3631 et
466 3563 508 3627 ab
531 3562 712 3631 Athanasio
736 3558 797 3649 (de
824 3563 981 3639 sententia
1004 3559 1157 3647 Dionysii

85 3666 336 3743 Alexandrini)
365 3670 475 3759 pollen
502 3665 756 3749 del'euderetur3
791 3666 931 3753 Nepotis
956 3661 1099 3748 denique
1122 3673 1168 3767 et¹

87 3768 310 3847 chiliastarum
333 3768 579 3859 Aegyptiorum
600 3768 742 3835 schisma
764 3781 796 3834 et
812 3791 964 3833 errorem
984 3760 1153 3849 colloquio
1242 3786 1245 3791 ·

123 3896 361 4027 los-Eusebius
379 3946 456 4051 VIJ,
479 3952 517 4018 13
540 3956 676 4025 enarrat,
713 3944 907 4035 Gallienum,
933 3942 1155 4039 coequalemque·

63 4092 68 4101 .
189 4037 259 4115 mel
277 4022 327 4102 ‘tl'
345 4028 454 4113 alme,
482 4034 645 4114 episcopia,
665 4032 813 4111 Dionysio
827 4044 965 4114 quoque,
984 4028 1151 4124 benignum

68 4122 100 4189 ‚⁸
190 4116 253 4179 sele
280 4116 459 4198 pnebuitte,
486 4130 518 4180 et
541 4120 616 4192 Vll,
638 4128 689 4180 21.
716 4140 745 4196 p.
765 4124 837 4187 515.
865 4120 903 4177 de
925 4113 1071 4190 Dionysio
1091 4123 1150 4211 atq:

51 4120 59 4285 l
187 4198 400 4275 ’Βπιλαβοῦσης
412 4193 445 4262 se*
458 4198 525 4264 scae
536 4191 618 4265 alne
634 4202 684 4277 τῆς
697 4199 815 4285 alpiam,
836 4193 963 4277 latiarem
977 4203 1027 4274 μ’*
1040 4200 1079 4267 ‘lt
1098 4218 1153 4268 W

52 4290 54 4341 i
185 4283 543 4377 ’nutrimentum-l.
