2572 4770
368 302 539 397 origene·
563 296 866 400 (Eschatelogie).
1110 322 1188 393 28⁹

71 476 212 563 Iamiam
231 479 429 563 origeniana
440 483 506 547 hae
524 478 566 547 de
585 502 623 548 re
643 482 785 549 domine
804 488 947 574 expetite
957 537 972 570 ,.
993 493 1089 557 restat
1107 506 1187 563 tan-

72 591 163 662 tum,
194 594 232 647 ut
254 582 443 665 videamur,
481 605 559 672 que
584 585 721 650 noiter
746 586 913 651 ratione
938 590 989 656 ad
1013 586 1186 662 dubite-

71 682 212 747 tionee
243 698 386 749 eontra
415 705 502 749 eam
536 685 687 749 allatae
719 687 985 774 responderit.
1039 693 1187 765 Primum

71 778 192 849 setena.
209 782 245 845 in
258 782 374 849 Piahn.
394 786 462 850 vol.
475 782 519 865 II,
542 795 615 853 636.
639 797 718 854 586:
746 786 872 870 „Quod
884 788 926 853 ad
940 811 997 855 eoe
1014 793 1186 882 scripturae

71 882 161 947 iocor
174 884 287 947 attinet
295 884 331 964 '',
352 884 476 971 inquit,
498 886 584 972 „qui
597 906 617 950 a
629 887 780 951 fratribus
793 888 905 953 nostrie
916 890 1123 977 objiciuntur,
1137 899 1186 965 ita

70 984 213 1047 breviter
229 1004 393 1047 occurrere
407 986 582 1071 poiiumue.
601 1035 610 1051 .
651 987 769 1052 Erech.
786 986 966 1069 xxxvfl,
985 1006 1020 1060 11
1041 997 1188 1064 resurre-

70 1082 186 1147 etionie
199 1082 255 1145 ille
268 1085 389 1170 populo
401 1085 485 1148 fecte
499 1085 661 1172 promiffio
676 1088 785 1152 abilin
799 1088 892 1150 ruina
910 1110 947 1153 ac
960 1094 1050 1155 velot
1064 1115 1192 1163 erere-⁶

70 1183 180 1263 tione,
211 1202 275 1268 qua
296 1185 387 1247 velut
407 1186 554 1250 exstincti
573 1188 661 1269 funt,
689 1186 769 1252 dum
787 1201 917 1276 propter
936 1192 1052 1255 seelera
1066 1194 1100 1258 in
1114 1198 1192 1261 ho·-¹

70 1284 167 1349 Itium
185 1287 374 1370 potestatem
391 1284 501 1349 traditi
519 1288 610 1366 funt,
637 1286 797 1373 quaedem
814 1290 858 1351 eit
874 1290 1023 1354 excitatio
1040 1296 1187 1369 futuro..¹

70 1382 129 1451 At
145 1383 367 1466 Mareotin,
388 1395 425 1453 tt
448 1384 587 1451 docendi
605 1388 696 1467 iunt,
723 1408 789 1451 nou
810 1389 920 1452 omnia
941 1390 1075 1476 perinde
1096 1398 1186 1462 acei-

69 1482 190 1572 piende
208 1489 287 1565 eiie,
311 1506 348 1550 ae
361 1488 472 1574 scripte
487 1485 597 1553 tunt.’'
640 1486 872 1571 Interpretatur
883 1487 1004 1553 ibidem
1018 1508 1190 1579 praeterea

69 1586 187 1651 Metth.
203 1586 250 1667 X,
271 1600 329 1669 ²83
355 1586 452 1654 Rom.
468 1586 561 1667 VIII,
582 1596 640 1665 113
666 1584 735 1650 Col.
748 1585 810 1668 III,
831 1595 870 1670 4,
897 1602 931 1653 et
946 1602 1033 1655 tum:
1068 1594 1194 1675 „Istum

68 1686 217 1773 ipium”,
241 1688 303 1769 ait,
328 1702 375 1769 „1
392 1687 464 1754 Gor.
479 1688 558 1767 XV,
577 1697 616 1756 85
637 1687 745 1772 palam
762 1688 846 1753 illud
865 1689 1018 1771 ostendit,
1044 1695 1190 1780 primam·
1213 1737 1219 1751 .

67 1788 243 1867 subjectam
274 1788 443 1853 materiem
474 1789 567 1854 nullo
593 1785 693 1851 modo
718 1789 919 1869 resurgere.”
971 1789 1099 1857 Deinde
1125 1798 1192 1862 ie·-

68 1886 223 1957 lieiffimet
243 1886 370 1952 cottum
394 1890 523 1954 rotatae
567 1884 687 1951 ‘celtus
720 1887 763 1967 (e.
784 1887 864 1954 Cels.
885 1888 930 1967 V,
954 1896 1004 1957 14.
1032 1914 1064 1979 p.
1085 1902 1194 1979 ⁵800

67 1988 352 2071 „Christianorum
365 1989 481 2074 ipee'’,
502 1984 646 2066 dixerat,
666 1986 792 2072 „plane
804 1985 925 2069 dicam,
946 1986 1043 2069 digna
1057 2000 1197 2063 vermis:

65 2091 133 2156 bue
147 2091 202 2152 eft.
249 2087 378 2173 Ecquae
397 2085 486 2151 enim
502 2089 646 2152 humana
665 2086 772 2149 anima
789 2087 825 2150 in
841 2109 955 2175 corpue
968 2092 1196 2174 putrefactum:

63 2209 215 2257 remoue
231 2185 470 2273 concupiscenti.
490 2232 500 2251 .
548 2183 604 2250 Ad
617 2188 697 2249 haec
712 2207 785 2251 eum
800 2189 881 2253 nihil
893 2189 932 2251 Iit
946 2187 1033 2275 quod
1046 2194 1183 2278 respon-

67 2291 187 2370 deant,
213 2290 249 2352 in
264 2291 325 2351 hoc
341 2286 593 2351 absurdiffimum
606 2285 799 2373 praefidium
812 2288 1017 2369 confugiunt,
1037 2288 1111 2355 Deo
1125 2278 1184 2358 ui··¹

66 2395 118 2457 trit
130 2413 196 2455 non
208 2391 273 2454 eise
285 2388 474 2474 poffibiie,”
489 2401 573 2470 τοις
594 2386 753 2470 Origenes
766 2400 873 2453 contre
885 2388 930 2452 ib.
944 2392 970 2473 §-
984 2400 1035 2457 ΕΒ.
1053 2413 1088 2477 p.
1103 2402 1195 2463 5942.

67 2493 210 2577 „Noe'’,
240 2490 304 2570 ait,
334 2511 430 2570 „nou
450 2489 587 2555 ‹tinmus
607 2505 790 2578 corruptum
805 2510 917 2576 corpur
932 2487 1038 2554 redire
1055 2492 1097 2557 ad
1109 2496 1197 2581 pri..

66 2595 185 2658 Itinem
209 2602 386 2657 naturam.
408 2636 435 2672 .‚
469 2589 526 2654 ted
549 2591 677 2654 iniitem
699 2592 762 2654 effe
780 2591 905 2677 eorpori
922 2590 989 2653 vim
1008 2593 1187 2681 quandamp

68 2714 152 2784 quae
171 2713 237 2756 non
258 2692 472 2777 corrumpitur
487 2703 527 2756 et
540 2693 676 2779 quatit,
703 2704 739 2754 ut
760 2713 874 2778 eorpue
892 2691 927 2753 in
944 2690 1183 2780 incorruptione
1203 2722 1206 2727 ·

67 2793 218 2877 Μεθ’,
241 2789 393 2878 idemque
407 2793 441 2855 h.
455 2793 478 2856 l.
498 2794 545 2877 (p.
562 2796 638 2871 595)
658 2790 870 2870 demonstret,
891 2811 957 2853 non
969 2790 1066 2855 modo
1079 2796 1183 2880 porfi-¹

67 2897 136 2962 tite
154 2890 253 2972 iliud,
286 2889 343 2955 ied
367 2892 466 2956 etiam
489 2891 643 2957 decorum
667 2894 730 2956 eise
748 2890 820 2954 Deo
846 2892 903 2969 (cf.
925 2912 1051 2978 quoque
1080 2897 1106 2977 t.
1129 2908 1181 2964 13.

67 3019 105 3087 p.
123 3006 205 3077 ⁶903
240 2997 267 3077 I·
290 3005 344 3061 22.
371 3014 404 3079 p.
426 2996 515 3074 eet).
569 2990 692 3055 Pariter
718 3014 745 3055 c.
770 2990 850 3054 cett.
871 2989 949 3071 Vll,
970 3002 1021 3059 82.
1044 3013 1077 3077 p.
1100 3005 1183 3065 7162

63 3093 309 3182 ‚‚Quoniem”,
349 3092 441 3174 dicit,
475 3091 745 3174 ·„reiurreetionie
769 3087 886 3170 dogma
908 3092 1025 3172 (eitum
1049 3090 1124 3159 iane
1147 3106 1184 3163 et
1227 3074 1243 3151 x·

65 3208 215 3263 enarratu
228 3193 358 3257 difficile
370 3228 413 3245 ·—
426 3182 683 3279 demetrianum
694 3224 754 3272 -υ,
783 3188 936 3277 quodque
948 3192 1096 3256 omnium
1106 3204 1187 3259 ma-'

65 3300 158 3365 xime
169 3295 292 3377 indiget
303 3294 374 3358 viro
385 3293 544 3380 sapiente,
563 3294 631 3359 imo
646 3292 799 3379 sapientia
812 3302 981 3375 provecto,
1003 3293 1059 3377 qui
1070 3297 1196 3360 ostem.

66 3401 141 3482 dat,
163 3419 261 3486 quam
273 3395 407 3478 dignum
421 3393 505 3459 illud
516 3393 606 3473 Deo,
626 3414 724 3481 quarn
734 3392 867 3456 sublime
880 3391 936 3471 Εἰς
956 3392 1125 3480 liquidem
1138 3416 1195 3463 ex.

64 3502 126 3569 illo
139 3499 307 3579 diieimue,
327 3498 487 3575 rationem
499 3494 630 3561 senonia
642 3495 742 3557 iueiie
755 3494 790 3557 in
804 3493 865 3555 hoc
878 3492 1024 3574 animae,
1051 3507 1089 3557 ut
1100 3496 1183 3560 Ieri-

63 3615 183 3693 ptura·
199 3609 334 3680 vocent,
360 3598 582 3676 tabernaculo,
607 3594 643 3658 ir
664 3616 728 3681 quo
748 3593 821 3674 juiti
835 3624 881 3643 -·
899 3606 920 3661 2
939 3591 1012 3658 Gor.
1032 3594 1075 3675 V,
1098 3608 1115 3662 t
1135 3628 1194 3651 -·

62 3701 279 3787 ingemiscunt
304 3700 445 3783 gravati,
487 3697 634 3762 nolentes
657 3694 844 3783 exipolieri,
881 3691 937 3758 ied
964 3694 1196 3780 supervestiri)-

61 3803 142 3871 ideo
158 3802 267 3871 cattus
278 3798 409 3880 irridet,
429 3799 503 3888 quie
520 3820 586 3862 non
595 3798 760 3879 intelligit,
777 3792 1198 3861 incardinandum..

61 3904 197 3995 peritia,
217 3901 274 3990 qui
286 3922 352 3966 non
363 3899 446 3965 illud
459 3896 986 3985 argumentoedstruerepoterantr
1007 3894 1087 3957 utile
1097 3896 1197 3959 fue--

61 4010 127 4087 xit,
163 4016 288 4091 praeter
312 4023 369 4082 ee,
401 4021 485 4087 quae
506 4001 566 4063 hac
587 3999 628 4063 de
647 4000 741 4085 iupre
765 3996 848 4061 dicta
871 3999 958 4073 tunt,
992 3994 1053 4057 hoe
1074 4016 1179 4063 unum

63 4110 252 4186 observare,
286 4123 369 4191 quae
397 4100 439 4165 de
463 4099 690 4165 resurreetione
713 4098 886 4176 tradimur,
919 4114 957 4157 ea
983 4114 1049 4157 non
1071 4100 1178 4183 proii-

65 4208 157 4295 eiiei,
185 4217 224 4275 ut
233 4203 344 4275 Cetius
362 4213 473 4293 putet,
496 4222 517 4270 e
536 4204 623 4272 mate
640 4202 804 4340 inettecp
824 4197 1004 4269 animuum
1023 4217 1041 4261 e
1058 4220 1176 4289 corpo,
