2572 4770
302 362 307 373 ·
410 380 416 389 .
543 322 792 425 oremus
864 348 871 389 a
1126 310 1215 443 ιιι

84 509 144 575 uhi
155 508 371 578 ”verintmrm
378 512 521 596 regulum
533 511 777 600 scripturorum„
790 512 958 581 haereticis
965 511 1108 605 opponit,
1122 513 1207 581 οιαὶ·

84 611 170 693 lor.;
188 617 396 699 nequeenim
410 615 617 677 necessarium
630 616 678 677 est-
687 617 808 680 multos
819 638 996 704 opponere,
1018 637 1091 678 eum
1105 613 1204 698 ipsius

87 711 202 797 scripto
221 715 346 779 etiamsi
363 715 476 777 seviter
494 712 719 778 tantummodo
737 717 892 805 inspectu,
911 753 955 769 -
981 717 1100 803 quippe
1116 708 1206 801 quod

88 806 246 897 tuntjuom
265 806 305 877 sb
326 815 416 877 omni
428 826 518 900 parte
534 835 649 877 verum
661 820 845 903 proponere
854 814 987 897 volunt,
1013 815 1049 879 id
1065 815 1206 900 scriptu-

90 930 149 975 ree
167 914 188 976 s.
203 915 390 977 auctoritate
407 915 643 997 confirmantia,
655 942 698 966 -ὸ
718 919 791 982 satis
801 921 958 1006 superque
971 914 1204 995 testificentur.)

89 1009 199 1075 Sumit
219 1033 293 1095 ergo
306 1014 483 1099 Origenes,
510 1027 546 1078 ut
564 1016 630 1101 ipse
651 1014 731 1087 dicit,
746 1022 881 1104 pruefet.
901 1017 942 1081 ed
961 1019 1031 1080 libr.
1052 1014 1092 1078 de
1109 1015 1206 1102 prin-r·

89 1111 184 1198 eipiis
207 1117 274 1180 vol.
293 1115 320 1181 1.
347 1141 379 1205 p.
400 1124 567 1195 47-49,
604 1117 762 1199 integram
785 1119 915 1183 sidem
941 1117 1206 1184 Christianoz

88 1233 199 1293 rum,
228 1234 316 1302 -qnoe
336 1216 468 1304 quidem
487 1217 688 1281 continentur
705 1222 764 1298 (ex
780 1222 930 1306 scriptura
948 1220 1047 1298 suere)
1067 1212 1206 1281 trodi-

88 1313 209 1379 tione
236 1316 512 1403 (praedicatione)
534 1320 817 1383 ecclesiastico
837 1319 1081 1400 (”Gurn,multi
1096 1320 1204 1399 fint„,

89 1412 199 1500 inquit
212 1417 234 1478 l.
246 1418 268 1480 1.
293 1423 317 1502 §-
332 1433 362 1487 2.
383 1429 413 1484 3.
431 1442 465 1505 p.
479 1427 539 1498 tr,
565 1420 585 1481 ’.’
593 1420 647 1506 qui
668 1422 699 1483 se
720 1431 835 1506 putent
854 1421 969 1483 sentire
987 1440 1070 1507 quoe
1091 1417 1207 1483 Christi

89 1517 182 1595 sunt,
206 1527 241 1580 st
257 1520 405 1581 nonnulli
422 1539 535 1581 eorum
554 1517 1043 1607 dirersooprioribussentient,
1064 1522 1206 1589 terretur

88 1634 171 1679 roro
190 1618 396 1683 ecclesiastica
411 1617 604 1706 praedicatio
623 1642 681 1707 per
695 1620 892 1683 successionis
906 1619 1053 1687 ordinem
1067 1621 1106 1682 sb
1121 1640 1208 1717 ιιροιιΙ

88 1717 180 1781 stolis
202 1717 339 1798 tradito,
376 1730 409 1782 st
435 1739 535 1805 usque
555 1719 596 1784 od
616 1721 815 1806 praesensio
835 1720 974 1783 ecclesiis
994 1738 1207 1807 permanenst

89 1818 149 1880 isle
161 1820 228 1881 sols
239 1817 396 1882 credenda
415 1822 460 1881 est
477 1821 613 1900 veritos,
643 1842 724 1908 quoe
744 1823 780 1882 in
793 1822 882 1883 nullo
897 1822 936 1883 ab
951 1806 1154 1887 eeclesiastico
1173 1831 1208 1885 et

90 1920 263 2006 apostolica
292 1918 452 1983 discordet
475 1919 656 1983 traditione.
712 1918 799 1983 Illud
826 1932 937 1983 sutem
964 1908 1061 1985 scire
1067 1930 1206 2006 oportet,

90 2018 246 2106 quonium
263 2021 359 2084 suncti
380 2022 513 2107 apostoli
530 2019 630 2083 sidem
645 2019 759 2087 Christi
776 2019 995 2108 praedicentes
1010 2019 1051 2085 de
1068 2022 1207 2106 quibus-

90 2119 171 2185 dum
200 2118 332 2208 quidem
362 2141 571 2207 quoecunque
592 2121 771 2185 necessaria
797 2117 1017 2200 crediderunt,
1055 2122 1207 2209 omnibus
1240 2136 1244 2143 '

44 2270 54 2285 .
90 2221 193 2285 etism
218 2222 286 2299 his,
323 2224 379 2309 qui
404 2223 527 2307 priores
551 2242 624 2302 erga
648 2221 886 2308 inquisitionem
909 2219 1038 2284 divinoe
1057 2223 1208 2289 scientius

88 2320 301 2400 ridebuntur,
327 2325 577 2387 manifestissime
595 2321 867 2403 tradiderunt„)„
887 2342 946 2395 nee
964 2323 1024 2385 nist
1039 2343 1096 2401 ea,
1123 2343 1207 2410 quoe

91 2428 260 2511 (utreque)
275 2425 331 2488 isso
349 2424 445 2488 dubis
461 2424 609 2510 reliquit,
631 2422 869 2510 philosophicos
881 2420 1093 2509 disquisitioni
1106 2424 1209 2504 subji-

92 2526 136 2588 cit
149 2527 269 2603 (osum
285 2527 305 2588 1.
319 2527 341 2589 l.
355 2527 473 2612 pergit:
495 2527 515 2559 ’²
523 2525 681 2597 rationem
698 2524 815 2587 scilicet
829 2524 1006 2587 assertionis
1024 2544 1137 2587 eorum
1149 2545 1209 2589 re·-

90 2626 278 2712 iinquentes
291 2627 336 2688 'nb
354 2626 407 2689 his
423 2625 665 2712 inquirendam,
693 2624 749 2711 qui
765 2625 893 2713 spiritus
912 2623 996 2687 dona
1017 2614 1209 2689 excellentis

91 2740 311 2806 mererentur,
348 2740 382 2790 et
409 2730 577 2813 praecipue
602 2726 774 2805 sermonis,
806 2727 979 2811 sapientiae
1004 2737 1038 2789 et
1060 2726 1211 2793 sciendus

93 2829 228 2911 gretiam
257 2849 316 2912 per
342 2828 444 2914 ipsum
469 2830 613 2914 spiritum
643 2832 785 2889 l'nnctum
813 2827 1042 2912 percepissent3
1073 2826 1114 2892 de
1137 2829 1210 2901 aliis

92 2951 174 2993 vero
196 2926 348 2990 dixerunt
367 2927 515 3014 quidem,
542 2928 616 3013 quio
639 2928 717 3006 srn13
743 2924 906 3012 quomodo
926 2938 1036 2991 eutem
1049 2940 1105 3005 eut
1121 2927 1211 3003 unde

92 3032 174 3111 sint,
195 3030 349 3092 siluerunt
356 3031 529 3114 ,profesto
541 3041 577 3093 ut
590 3028 791 3093 studiosiores
802 3028 921 3113 quique
933 3048 977 3091 ex
991 3030 1123 3114 posteris
1135 3031 1211 3107 suis,

93 3133 153 3220 qui
178 3143 339 3195 amotores
361 3132 462 3193 essent
487 3131 680 3215 sapientire
712 3129 906 3202 exercitium
930 3130 1049 3195 hebere
1075 3133 1211 3217 possent,

63 3315 66 3320 .
92 3234 130 3297 in
157 3254 223 3320 quo
248 3232 371 3312 ingenii
396 3233 444 3293 sui
466 3233 607 3293 fructum
632 3229 852 3343 ostenderent,
892 3232 927 3293 hi
950 3214 1122 3312 uidelicet,
1154 3232 1212 3319 qus

93 3335 211 3417 dignos
223 3336 256 3396 se
270 3346 302 3397 et
315 3353 445 3417 rapaces
455 3331 496 3393 nd
510 3298 725 3418 recipiendam
736 3332 921 3416 sapientiem
932 3344 1172 3418 praepararent,
1175 3335 1214 3415 ,).

94 3436 193 3519 Quae
211 3455 291 3498 vero
314 3431 447 3495 fides
420 3456 431 3495 ι
433 3436 477 3495 ste
500 3455 561 3496 nos
575 3429 866 3518 apprehendimus,
893 3435 1002 3497 omniu
1016 3434 1132 3497 rationi
1143 3453 1237 3505 non.

93 3536 320 3608 adversantur,
347 3532 432 3616 sed,
436 3532 493 3613 ,ed
512 3553 717 3596 communem
736 3535 860 3596 sensum
880 3534 946 3621 oh
936 3536 1029 3597 mit-io
1047 3533 1165 3597 nobis
1154 3554 1221 3629 unp

92 3641 193 3705 situm
220 3639 293 3699 sunt
320 3631 586 3698 accommodarit
614 3635 711 3713 (ταῖς
734 3634 871 3719 κοιναῖς
890 3612 1035 3711 irruisse
1064 3624 1213 3716 dorsi-ser

93 3756 406 3826 euruyopevonuc
421 3734 501 3799 C'els.
515 3732 574 3812 111,
593 3732 831 3816 to.v.1‚.473)
873 3734 967 3799 Fidei
981 3750 1091 3799 nutem
1103 3736 1215 3817 hujus,

92 3842 143 3907 sit
156 3864 183 3904 o.
198 3840 279 3904 Cels.
293 3836 386 3917 VIII,
405 3847 455 3902 51.
479 3836 512 3921 pL
528 3848 587 3903 779
606 3838 711 3915 (cujus
729 3836 879 3899 consessio
898 3836 1024 3922 publice
1041 3835 1215 3911 necessarie

92 3944 144 4007 est
161 3938 204 4004 od
221 3942 374 4017 salutern,
401 3940 527 4001 exhort.
545 3937 586 4001 od
602 3938 792 4019 menmium
810 3960 837 4001 c.
853 3949 883 4004 5.
905 3961 937 4021 p.
950 3940 1047 4016 277),
1075 3925 1097 4022 ἦ
1116 3932 1214 4003 πᾶσα

92 4034 267 4117 &ustrou
291 4034 382 4103 sum
406 4027 424 4099 ὁ
445 4033 547 4117 θεὸς,
565 4035 640 4105 ,καὶ
657 4030 694 4103 αἱ
715 4032 774 4105 διὰ
791 4037 854 4104 τοῦ
876 4036 1029 4123 Χριστοῦ
1050 4037 1132 4123 περὶ
1146 4034 1214 4117 &dtr

95 4135 241 4209 δικαὶὠν
262 4131 475 4224 ἐπαγγελίαι,
504 4137 562 4202 καὶ
575 4137 657 4221 περὶ
671 4137 737 4201 τῶν
756 4132 881 4203 ἀδίκων
899 4130 935 4201 ei
947 4135 1028 4222 περὶ
1039 4129 1212 4217 κολάσεως

94 4235 333 4323 desumunt,
354 4253 388 4307 et
399 4265 426 4306 c.
441 4239 522 4311 cett
534 4239 595 4321 ul.
608 4250 659 4319 tt·
681 4262 713 4329 p-
728 4248 791 4311 trs
813 4238 895 4313 fides
912 4239 1213 4321 stistirournsuribiq
