2572 4770
357 293 515 367 canem
538 286 871 413 (Anthropologia).
1100 296 1171 371 idi

54 470 220 565 ρι’σκττσι
230 494 270 541 το
282 464 343 560 ἐφ’
354 464 443 559 ἡμῖν.
470 475 527 543 καὶ
539 469 580 562 δὴ
593 468 630 540 αἱ
644 471 778 540 ἐντολαὶ
789 461 862 541 οἶαί
872 495 909 542 τι
920 473 1094 561 γενέσθαι,
1116 476 1177 545 rat

56 573 107 664 μὴ
128 571 291 661 γενέσθαι
310 566 374 662 ὑφ’
393 568 521 663 {patim
548 575 754 655 VI,16,808
775 569 851 662 (cir
872 572 1114 667 προαιρετικὴν
1136 577 1176 647 δδ
1211 582 1214 587 '

58 672 105 742 τδ
126 666 321 763 ἡγεμονικὸν
334 712 378 725 -
402 679 467 743 scil.
485 674 546 765 τῆς
566 675 679 762 ψυχῆς
695 712 740 725 -
761 667 831 756 ἔχει
852 667 1007 759 δύναμιν,
1037 662 1178 765 πορδῆν

64 765 89 863 ἣ
105 769 237 864 ζήτησις
247 777 306 840 καὶ
318 767 339 862 ἦ
353 770 508 863 μάθησις
518 776 577 841 καὶ
594 768 776 865 ἧγνῶσις),
796 779 856 856 al,
872 774 927 839 sed
941 779 1007 841 fine
1021 778 1083 843 Dei
1097 798 1176 860 gra-

65 878 188 941 tianorr
199 878 274 941 satis
287 877 431 941 validum
445 878 522 959 (Str.
538 878 581 957 V,
599 891 626 957 1,
643 887 723 962 ⁶4⁷3
747 889 797 953 13,
812 879 907 958 696),
927 878 986 941 etsi
1001 879 1069 941 vim
1082 879 1176 944 Dens

63 979 250 1043 hominibus
277 978 412 1043 minime
437 982 537 1043 insert
563 977 644 1058 (Ou.
668 978 732 1044 div.
754 978 832 1042 salv.
858 991 906 1056 1⁰,
925 985 1004 1045 940:
1041 971 1092 1044 Οὔ
1108 973 1176 1067 γὰρ

60 1070 241 1165 ἀναγκάζει
260 1067 279 1141 ὁ
299 1074 401 1156 θεὸς,
428 1075 489 1162 βία
508 1075 572 1166 γὰρ
591 1073 713 1165 ὶχθρὸν
731 1079 821 1163 deor,
847 1074 936 1143 αλλα
947 1099 1019 1155 τοις
1037 1075 1176 1167 ζητοῦσι

61 1175 216 1268 παρίζει,
243 1177 303 1242 καὶ
320 1181 392 1254 τοῖς
406 1175 541 1245 αἰτοῦσι
552 1175 692 1267 παρέχει
698 1225 708 1256 ,
717 1178 789 1243 καὶ
799 1180 872 1254 τοῖς
885 1171 1064 1265 κροδουσιι
1076 1170 1176 1244 droi-

61 1302 132 1369 yat‚
153 1294 188 1345 et
201 1295 253 1360 21,
267 1289 346 1349 947:
369 1281 438 1362 „Et
448 1284 510 1345 hoc
523 1284 628 1345 rursus
640 1301 775 1363 magnae
786 1282 959 1367 sapientiae
971 1282 1104 1368 plenum
1117 1280 1175 1362 ert,

61 1383 174 1446 iccirco
196 1383 367 1460 nimirum,
397 1380 484 1469 quod
504 1383 603 1446 homo
622 1383 719 1467 ipteu
732 1385 764 1444 se
777 1385 895 1468 suaque
909 1383 1029 1446 uirtute
1042 1403 1176 1469 operam

61 1503 205 1571 ponens,
245 1481 439 1569 studensque
467 1504 502 1546 ac
530 1484 694 1561 laborans,
733 1495 770 1546 ut
799 1484 981 1569 compressis
1010 1482 1176 1549 affectibus
1241 1502 1245 1511 ⁴

61 1584 227 1671 tranquilli
241 1583 339 1645 animi
353 1585 425 1664 fiat,
452 1583 534 1646 nihil
550 1581 628 1651 iude
645 1586 799 1668 praestat3
824 1585 871 1647 sin
884 1597 993 1648 autem
1005 1587 1075 1664 ejus
1087 1582 1177 1651 dcli-

61 1684 153 1749 derio
165 1685 393 1750 vehementius
405 1684 579 1748 inardescat
591 1683 853 1771 diligentiamque
867 1706 997 1748 omnem
1012 1684 1175 1768 adhibeat,

61 1784 211 1867 adjuncta
235 1786 286 1848 issi
311 1783 421 1848 divina
445 1787 564 1849 virtute
589 1785 708 1849 evadet
731 1797 882 1849 uotorum
903 1808 1051 1873 compos3
1082 1788 1174 1855 Deua

61 1905 204 1974 namque
216 1888 401 1951 uolentibus
413 1888 529 1951 animis
543 1888 667 1972 aspirat.
718 1887 776 1949 Sin
794 1898 902 1949 autem
919 1908 937 1948 a
950 1882 1060 1974 coepta
1074 1889 1176 1952 anirni

60 1989 227 2053 alacritate
238 1989 458 2070 abscesserint,
485 1988 583 2049 etiam
602 1985 695 2049 datus
711 1984 812 2050 aDeo
826 1987 952 2071 spiritus
968 1989 1175 2058 contrahitur.

59 2090 177 2157 lotitia
190 2090 277 2151 enim
290 2090 424 2151 salutem
436 2090 567 2165 asserto,
589 2089 657 2166 ejus
672 2089 733 2165 est,
753 2086 809 2172 qui
823 2088 891 2148 vim
905 2086 1032 2169 afferat3
1054 2093 1177 2155 volon-

60 2195 148 2257 tibuc
168 2202 276 2255 autem
295 2191 396 2252 libero
414 2190 512 2252 animi
534 2188 713 2274 proposito,
740 2190 825 2266 ejus,
851 2189 907 2273 qui
926 2189 1101 2253 liberaliter
1117 2191 1177 2253 in-

62 2290 247 2373 dulgert”).
301 2280 439 2354 Αὖτίκα
461 2290 504 2376 τῇ
527 2287 589 2352 τοῦ
614 2289 702 2351 θεοῦ
724 2278 886 2372 βουλήσει
902 2281 1050 2368 μάλιστα
1068 2279 1089 2376 ἡ
1108 2290 1177 2359 τῶι

62 2388 202 2479 ἀγαθῶν
224 2383 359 2477 ἀνδρῶν·
376 2385 578 2476 προαίρεσις
599 2377 765 2453 ὑπακούει
789 2387 865 2468 (Str.
885 2388 943 2470 VI,
967 2403 1015 2470 tt,
1039 2403 1110 2459 821.
1126 2397 1174 2474 τ).
1246 2434 1252 2453 .

25 2512 30 2518 ·
61 2493 120 2560 Ad
142 2495 227 2556 hanc
247 2490 288 2554 de
310 2492 410 2554 libero
431 2492 561 2554 arbitrio
579 2488 755 2551 doctrinam
771 2489 920 2554 Glemona
936 2495 1086 2576 pervenit
1103 2496 1176 2580 pri-

51 2608 155 2661 'mum
171 2590 350 2681 reputando
368 2595 492 2674 secum,
518 2593 612 2673 „fine
628 2592 728 2654 libera
748 2590 922 2678 appetendi
943 2604 976 2656 et
994 2594 1177 2662 abstinendi

61 2698 219 2787 potestate
239 2716 297 2758 nec
316 2693 446 2774 laudes,
472 2715 533 2757 nec
551 2693 820 2780 vituperationes,
847 2713 906 2756 nec
928 2694 1084 2775 honores,
1115 2698 1190 2762 nec'

62 2797 215 2886 supplicia
235 2797 315 2875 justa
334 2797 425 2860 esse’'
450 2796 527 2879 (Str.
546 2793 574 2874 Ι,
595 2807 644 2874 17,
664 2804 743 2873 868;
772 2793 831 2873 Ν,
852 2800 903 2872 et,
926 2799 1021 2876 att),
1055 2795 1175 2863 deinde

61 2923 142 2965 vcro
158 2901 257 2963 etiam
274 2898 444 2984 scripturae
461 2899 564 2959 sacrae
580 2893 671 2958 dictis
688 2894 767 2974 (Str.
780 2892 822 2972 ll,
838 2903 868 2974 t,
885 2901 963 2961 tat:
987 2888 1104 2978 Ἡμεῖς
1124 2896 1174 2983 dd,

62 2997 99 3069 oi
113 2996 173 3089 τὴν
189 2994 318 3087 αἳρεσιν
334 2998 391 3063 καὶ
408 2989 517 3082 φυγήν
528 3031 571 3045 -
592 2998 780 3081 potestatem
794 2995 933 3076 eligendi
947 3010 981 3060 et
995 2994 1120 3062 uitandi
1130 2992 1178 3050 ¹·-

64 3088 232 3169 δεδόσθαι
249 3099 321 3176 τοῖς
337 3090 536 3183 ἀνθρώποις
556 3088 838 3183 αὐτοκρατορικὴν
856 3093 951 3182 παρὰ
976 3097 1038 3164 τοῦ
1056 3092 1178 3188 κυρίου
1261 3126 1264 3131 ·

63 3199 123 3269 διδ
136 3203 203 3269 τῶν
216 3197 355 3289 γραφῶν
366 3190 618 3284 παρειληφότος
633 3203 718 3279 cet).
821 3198 834 3217 “
1265 3200 1270 3209 “

146 3306 199 3370 De
220 3292 433 3389 προϋπάρξτι
452 3301 518 3362 live
541 3298 872 3384 praeexistentia
892 3301 1074 3365 animorum
1095 3301 1176 3367 Gle-

63 3407 182 3471 mentir
200 3403 354 3467 sentent-ia
375 3398 473 3462 dubia
491 3401 603 3464 multia
621 3398 759 3462 videtur.
806 3399 989 3466 Haecvera
1005 3404 1177 3468 videntur:

63 3509 204 3573 Animus
217 3508 251 3569 in
268 3523 381 3589 corpus
397 3498 580 3564 immittitur
596 3501 674 3580 (Str.
685 3500 746 3578 VI,
765 3512 801 3566 16
818 3513 895 3567 808:
913 3496 1177 3589 Ἔπειςκρίνεισι

64 3606 102 3673 di
116 3598 242 3693 ἡψυχὴ
249 3649 260 3681 ,
289 3603 345 3668 καὶ
362 3596 630 3689 προειςκρίνοται
644 3599 684 3665 τὸ
698 3591 911 3687 ἡγεμονικὸν,
934 3590 961 3691 ᾧ
979 3595 1176 3688 διαλογιζό-

62 3708 174 3788 uado,
208 3697 249 3769 οὐ
270 3698 356 3768 κατὰ
372 3697 433 3790 τὴν
449 3703 512 3767 τοῦ
535 3698 728 3788 σπέρματος
752 3700 941 3789 καταβολὴν
957 3697 1173 3790 γεννώμενοι·
1270 3764 1273 3768 ⁴

62 3807 215 3895 Prophet.
237 3808 338 3886 eclog.
362 3816 411 3884 50,
432 3819 530 3872 1001:
559 3854 595 3884 „.
612 3852 642 3870 ..
664 3806 754 3868 Hanc
773 3808 814 3869 ob
830 3809 953 3869 causam
965 3807 1086 3869 steriles
1100 3807 1176 3869 sunt

61 3909 203 3988 steriles,
231 3908 319 3993 quali
338 3929 405 3969 non
423 3905 610 3969 infundatur
627 3908 750 3985 aalma,
777 3927 860 3993 quac
872 3910 981 3969 semen
993 3909 1175 3986 conjectum

63 4009 253 4091 colligat”),
281 4007 379 4093 idque
404 4009 536 4071 coelitus
557 4007 634 4086 (Str.
654 4006 714 4086 lv,
734 4022 788 4087 26,
804 4017 883 4074 640:
915 3994 1046 4070 Οὔκουν
1065 3997 1174 4095 οὐρα-

60 4103 167 4176 νόθεν
188 4104 446 4191 καταπέμποται
467 4107 567 4194 δεῦρο
590 4104 650 4173 ἐπὶ
668 4103 711 4174 τὰ
727 4100 816 4193 ἥττω
834 4101 944 4193 ψυχή·
980 4106 1045 4187 Οα.
1064 4107 1171 4181 dius.

64 4225 115 4295 88,
131 4217 216 4295 9⁵43
236 4213 347 4299 itaque
360 4211 495 4277 Photiuc
515 4208 585 4301 cod.
600 4209 687 4278 elx.
712 4234 745 4298 p.
761 4221 822 4279 ata
837 4210 961 4274 verbio:
988 4203 1092 4281 indi
1104 4232 1173 4296 μιῆ
1262 4278 1266 4288 ,
