2572 4770
316 249 486 343 Origenes
510 249 842 349 (Anthropologt'tt).
1058 261 1134 371 m

71 428 254 493 vestimenti
266 430 403 495 soranam
421 426 584 511 redegisse.
626 426 764 496 Rursum
782 445 819 496 ut
838 432 964 499 videtur
978 436 1056 501 haec
1071 427 1134 501 ab·

59 528 177 608 rditae,
221 528 327 594 dicere
348 533 451 594 vester
471 533 543 595 illas
568 530 717 619 pelliceae
738 535 820 597 nihil
841 534 929 600 aliud
953 538 1134 625 essequam

59 652 158 718 trpora
177 632 339 716 probabile
361 629 492 717 quidem
509 635 570 712 est,
602 643 637 693 et
657 627 698 692 ad
720 628 925 698 assertionem
943 637 1134 703 eliciendam

59 734 157 812 bcax,
192 744 225 793 at
252 752 317 793 non
339 730 490 812 evidere,
525 732 619 819 quale
641 733 703 794 esse
727 729 823 799 debet
841 734 926 821 quod
944 758 1058 802 verum
1078 742 1133 805 est.

59 838 62 894 ζ
81 832 169 893 enim
189 832 341 918 pelliceae
360 834 462 896 vestes
481 834 553 895 lunt
572 851 682 894 carnea
700 842 733 893 et
751 834 832 912 ossa,
860 835 1021 920 quomodo
1041 849 1136 903 antea
1171 862 1173 869 ⁸

61 930 110 994 xit
126 928 292 997 Adamana
321 932 382 994 hoc
405 955 489 994 nunc
508 953 544 995 oe
566 953 609 995 ex
623 931 739 994 ossibus
754 933 836 996 meis
853 946 885 996 et
899 956 969 998 caro
985 935 1026 1001 de
1040 958 1135 1002 carne

61 1029 124 1094 ea?
164 1031 222 1092 His
244 1031 339 1110 igitur
360 1033 617 1114 ambiguitatibus
641 1032 747 1094 obruti
772 1033 920 1096 nonnulli
938 1038 1135 1103 asseruerunt

59 1133 132 1193 estes
149 1131 298 1216 pelliceae
319 1134 380 1194 esse
399 1134 628 1195 mortalitatem
643 1133 750 1212 illam,
779 1153 841 1219 qua
863 1133 1046 1199 circumdati
1063 1139 1134 1201 sunt
1169 1197 1177 1212 ,

60 1230 174 1293 damus
187 1243 220 1292 et
233 1230 317 1310 Eva,
346 1234 443 1295 morti
458 1245 588 1320 propter
601 1243 765 1319 peccatum
779 1228 913 1312 addicti3
940 1235 993 1298 sed
1006 1237 1056 1300 isti
1069 1260 1136 1303 uon

62 1331 124 1393 cile
143 1332 277 1416 probare
296 1335 439 1417 possunt,
466 1332 630 1423 'quomodo
648 1332 755 1410 Deua,
784 1343 817 1393 et
831 1355 897 1395 non
915 1338 1016 1400 multo
1033 1339 1136 1420 magia

59 1444 210 1511 amatum,
243 1435 470 1499 mortalitatem
493 1434 595 1522 pariat
613 1431 838 1513 transgressori.
884 1432 1051 1503 Praeterea
1072 1461 1136 1513 nc-

59 1535 109 1597 esse
131 1536 175 1594 est
195 1535 229 1594 bi
252 1531 373 1615 dicant,
407 1556 537 1598 carnem
563 1546 597 1596 et
614 1536 679 1596 ossa
698 1534 826 1620 propria
847 1536 968 1601 ratione
987 1560 1054 1603 non
1072 1542 1136 1606 else

59 1633 263 1716 arruptibilia‚
293 1656 366 1697 cum
378 1638 486 1721 postea
499 1646 606 1722 patres
619 1632 716 1697 nostri
728 1644 857 1720 propter
868 1650 1031 1721 peccatum
1043 1660 1138 1707 mor-

62 1733 160 1795 litatis
186 1731 402 1797 conditionem
429 1736 617 1823 acceperint.
677 1734 827 1798 Ceterum
855 1736 881 1799 si
906 1738 1065 1824 paradisus
1090 1746 1137 1809 est

62 1854 118 1894 cus
130 1829 261 1918 quidam
276 1833 420 1915 divinus,
440 1835 621 1921 exprimant
633 1832 793 1916 quomodo
807 1834 873 1897 illic
885 1841 1137 1931 unumquodque

59 1934 230 2012 embrum,
263 1956 329 1995 non
352 1937 467 1999 frustra
492 1946 649 2011 creatum,
682 1934 844 2018 propriam
861 1935 930 1997 vim
949 1944 1135 2011 exercuerit.

59 2059 80 2098 .c
103 2033 144 2096 de
166 2055 204 2096 eo
226 2034 357 2118 quidem
379 2035 464 2121 quod
483 2036 574 2099 nasus
591 2032 705 2094 dicitur
725 2030 809 2118 apud
822 2032 977 2119 Aquilam
992 2051 1024 2101 et
1036 2040 1139 2122 Sym-

59 2137 197 2212 achnm,
218 2133 304 2218 apud
319 2128 526 2222 Septuaginta
545 2131 733 2196 verosaciee
750 2152 787 2194 ea
799 2153 873 2218 pars
885 2137 1014 2198 sormati
1026 2140 1138 2204 homi-

59 2239 97 2317 le,
131 2237 166 2297 in
188 2256 282 2320 quam
305 2235 394 2300 Deus
417 2235 591 2317 insufflavit
608 2232 753 2319 spiritum
769 2232 872 2314 vitae,
903 2232 1074 2302 dicendum
1092 2244 1138 2305 est

59 2360 96 2400 ,111
115 2349 261 2422 oportere
282 2334 449 2401 adhaereri
467 2335 571 2401 nudae
591 2335 702 2397 literae
721 2333 889 2420 scripturae
910 2347 1061 2424 tanquam
1073 2362 1138 2405 ve-

59 2462 101 2520 ta,
137 2438 190 2499 sed
223 2439 405 2500 thesaurum
428 2439 463 2500 in
486 2437 578 2499 litera
598 2436 751 2496 latentem
776 2436 948 2521 quaeri.”).
1004 2438 1139 2525 Mythua

59 2542 126 2616 itur
141 2539 197 2599 ille
212 2559 253 2599 ex
267 2536 416 2617 Origenie
429 2550 537 2601 mente
553 2536 667 2598 haecce
684 2532 794 2598 docet:
823 2535 964 2602 Animae
975 2541 1138 2610 humanae

59 2638 195 2703 ldamus
209 2650 241 2700 et
253 2639 336 2719 Eva)
352 2653 427 2702 ante
439 2640 561 2727 lapsum
573 2646 662 2699 erant
673 2634 709 2696 in
717 2637 806 2700 coelo
822 2637 1013 2723 (paradiso),
1032 2644 1139 2732 lapsae

59 2752 140 2803 rtem
164 2743 235 2824 (per
258 2740 351 2801 vetiti
370 2741 448 2802 mali
467 2741 569 2817 esum)
595 2757 613 2797 a
633 2734 704 2797 Deo
725 2738 908 2826 corporibus
932 2744 1066 2808 terrenis
1084 2749 1140 2813 vel

59 2866 66 2902 1
87 2842 271 2903 universum
286 2837 469 2902 conditione
489 2841 629 2902 humana
651 2836 803 2916 (vestibus
817 2839 974 2924 pelliceis)
993 2844 1065 2907 sunt
1082 2840 1142 2909 in-

59 2954 140 3004 utae.
182 2940 294 3024 Itaque
313 2940 519 3003 manifestum
534 2940 594 3018 est,
622 2934 798 3002 doctrinam
815 2940 954 3005 nostram
975 2941 1022 3005 de
1040 2964 1142 3031 pec.

59 3055 121 3106 ato
144 3040 319 3120 originis
341 3039 474 3122 Origeni
495 3062 561 3103 non
578 3038 723 3123 probari;
760 3059 862 3125 aeque
881 3051 991 3105 tannen
1010 3047 1140 3129 constat,

59 3146 131 3206 iam
149 3145 187 3203 ab
203 3140 343 3222 Origene
362 3139 539 3205 doctrinam
551 3139 690 3225 aliquam
704 3136 745 3200 de
761 3154 889 3225 peccato
903 3145 1050 3226 originali
1060 3170 1143 3236 pro-

59 3246 120 3308 erri.
162 3243 249 3305 Ante
271 3241 358 3303 enirn
373 3264 469 3328 quam
485 3244 700 3316 nasceremur,
725 3240 833 3302 anima
853 3245 956 3309 nostra
975 3250 1041 3327 jam
1060 3272 1142 3336 pec-

59 3348 111 3410 atis
130 3348 193 3408 sese
214 3343 504 3424 contaminaverat,
537 3353 575 3402 nt
596 3340 837 3421 omnishomo,
870 3345 993 3409 edemsl
1014 3362 1143 3433 peccata

59 3467 116 3510 uae
149 3445 296 3507 dicuntur
323 3444 458 3504 actualia
486 3439 630 3506 nondum
655 3442 902 3525 perpetraverit,
936 3460 1081 3533 peccator
1101 3450 1142 3514 sit

59 3545 212 3612 abendam.
263 3542 301 3605 Id
316 3541 402 3629 quod
415 3544 584 3630 praecipue
600 3541 669 3602 loco
681 3538 777 3604 Rom.
791 3541 853 3624 IX,
874 3561 922 3613 11.
940 3562 995 3627 12,
1023 3570 1142 3612 exem.

59 3651 88 3712 lo
110 3648 204 3711 Esavi
229 3656 261 3705 et
282 3643 408 3722 Jacobs,
436 3640 630 3706 demonstrat
650 3639 707 3719 (de
726 3642 825 3730 princ.
847 3645 891 3725 11,
915 3661 945 3727 9,
968 3660 997 3714 7.
1018 3672 1051 3735 p.
1071 3654 1140 3732 99),

59 3768 193 3834 namque
214 3746 249 3805 in
268 3743 456 3806 sententiam
477 3743 600 3807 Comm.
620 3741 656 3803 in
669 3738 763 3805 Rom.
782 3744 824 3810 L.
837 3746 896 3811 VI.
917 3748 982 3812 vol.
997 3746 1057 3830 IV,
1077 3762 1141 3845 5332

59 3860 199 3913 accatum
223 3843 298 3905 dicit
314 3847 386 3923 ⁴jam
407 3854 480 3905 ante
502 3843 669 3905 hominem
687 3857 798 3908 natum
818 3847 852 3908 in
872 3846 938 3931 ipso
959 3847 1070 3929 suisse,
1104 3851 1141 3916 in

59 3949 168 4019 11111111
194 3957 356 4007 mortuum
375 3946 454 4024 esse,
489 3945 581 4006 annia
600 3960 684 4006 vero·
699 3947 924 4009 maturioribus
943 3949 1140 4019 reviviscere.

59 4052 97 4113 lta
109 4050 248 4135 pravitas
263 4046 413 4108 naturalis
424 4046 573 4124 (minime
586 4066 663 4109 vero
678 4047 844 4108 substantia
858 4050 994 4130 peccati,
1016 4050 1071 4116 lib.
1079 4051 1140 4118 lv.
1226 4092 1229 4097 ·

59 4148 176 4216 101111.
190 4149 281 4215 Cant.
295 4148 360 4214 vol.
374 4145 435 4232 tlt,
452 4151 507 4230 88)
524 4148 638 4231 efficit,
661 4159 696 4211 ut
706 4149 805 4218 homo
820 4158 932 4213 natura
946 4147 987 4214 ad
1002 4171 1143 4241 pacm..
