2572 4770
188 171 216 233 '¹
323 186 522 317 *Didymus
549 214 886 319 (Anthropologia).
1095 231 1168 299 est

56 402 164 468 anima
184 400 228 482 s)
259 392 342 466 καθ’
371 390 473 488 nirtrlr
499 393 535 466 dr
559 399 617 484 rq'i
632 402 741 489 νοητῷ
771 385 952 486 dunbrit‘
934 390 1122 486 υπάρχει(
1104 401 1172 483 (da
1222 423 1225 429 ’

56 517 96 567 ιι.
114 502 173 582 ΙΠ,
197 518 225 584 1,
246 508 332 584 814).
375 499 447 565 Sed
465 502 563 564 etiam
584 505 667 566 bona
687 525 801 590 eorpus
822 503 948 565 animae
972 503 1175 573 atterebant

56 603 290 668 contemnenda
299 594 646 690 τηντωναισθητων
658 623 776 690 γνωσιν
789 624 847 667 και
856 624 916 690 την
928 592 1056 688 aliqu
1039 624 1172 694 υπηρι
1241 670 1245 675 ,

56 699 135 769 diua
152 706 208 784 (ib.
201 729 254 792 ..p
273 708 361 785 316)

143 805 195 869 De
227 802 557 891 praeexistentia
594 803 818 868 animarum
854 803 1034 886 doctrinae,
1074 826 1173 891 quam

57 918 173 993 aperta·
187 910 293 970 nostro
307 907 525 985 Hieronymus
538 904 618 966 vitio
633 907 728 973 vertit
742 905 816 970 adv.
830 906 938 970 Rufio.
952 905 980 986 Ι,
995 920 1030 986 63
1052 907 1172 991 Π,,16;

57 1006 118 1087 ΙΙΙ,
139 1021 186 1074 12.
204 1021 263 1087 28,
293 1009 326 1070 in
344 1007 465 1091 scriptis
483 1006 635 1089 Didymi,
661 1028 742 1094 quaa
763 1009 944 1094 supersunt,
975 1029 1075 1093 pauca
1096 1020 1174 1072 tan·-

57 1119 129 1169 tum
150 1110 281 1195 vestigia
304 1109 521 1172 inveniuntur.
568 1106 682 1192 Doara.
706 1109 850 1172 enimin
875 1106 1032 1177 tPetriI.
1055 1131 1087 1194 p.
1107 1118 1169 1179 sat
1243 1179 1246 1187 ,

40 1209 226 1296 ‘explicatis
245 1209 411 1299 literaliter
428 1208 535 1271 verbis
554 1229 587 1271 v.
605 1223 620 1274 1
642 1207 802 1288 „advenis
823 1210 1020 1299 dispersionis
1038 1209 1172 1291 Ponri’t,

58 1309 92 1370 in
107 1311 191 1370 hunc
204 1307 338 1372 randum
353 1309 472 1396 pergit:
490 1309 567 1403 '”Si
581 1310 657 1398 quid
676 1326 785 1375 antem
797 1314 889 1398 supra
901 1323 1025 1374 textum
1040 1309 1091 1371 hic
1107 1331 1174 1395 po-
1206 1328 1213 1341 ·

58 1412 118 1473 test
143 1412 296 1491 intelligi,
331 1408 652 1485 animadvertendum
674 1416 720 1475 est
743 1414 804 1475 hoe
825 1412 865 1475 da
888 1411 1015 1474 animae
1037 1410 1173 1490 ratione,

59 1513 146 1597 quali
165 1510 323 1575 advenam
342 1533 415 1576 eam
435 1512 514 1574 velit
531 1513 665 1592 agnosci.
712 1511 805 1578 Unde
826 1514 924 1576 etiam
940 1509 1062 1573 dictum
1075 1509 1174 1575 vida-
1273 1548 1277 1561 .

45 1604 127 1675 ‘tort
158 1610 349 1694 Peregrinus
370 1634 444 1693 ergo
468 1611 587 1695 [ego]
577 1633 611 1673 ιιι
625 1624 726 1692 terra
751 1625 786 1675 et
803 1612 945 1693 aduena,
967 1613 1046 1676 sicut
1060 1632 1173 1676 omnes

58 1726 166 1799 patres
185 1716 262 1777 mei.
311 1714 384 1777 Et
373 1725 509 1775 iterum:
538 1712 611 1775 Heu
633 1733 704 1792 me,
733 1714 884 1798 quoniam
900 1715 1057 1777 incolatus
1079 1734 1173 1777 meus

58 1817 288 1900 prolongamus
304 1816 358 1875 est.
401 1812 559 1876 Advenae
578 1806 734 1898 liquidem
754 1816 836 1877 liunt
857 1788 1028 1878 humidum
1047 1816 1174 1880 animas
1247 1842 1257 1849 ·

59 1916 243 2000 corporibus
258 1916 440 2000 copulatae,
463 1912 564 1976 dum
554 1936 587 1975 ιιι
604 1916 650 1976 eis
663 1913 881 2000 temporaliter
897 1916 960 1976 eise
973 1916 1175 1978 constitnun-
1196 1938 1201 1951 ·

37 2008 120 2077 'tun
170 2015 252 2079 Nam
272 2016 297 2077 si
320 2016 421 2076 assant
437 2035 478 2076 ex
493 2034 530 2075 ea
545 2014 732 2095 substantia
761 2034 839 2075 vera
854 2034 985 2099 corpora
998 2015 1098 2075 essent
1110 2016 1176 2077 ha

59 2115 219 2179 bitatrices
246 2127 359 2179 terrae.
415 2112 565 2200 Denique
592 2115 718 2177 animae
745 2116 900 2176 habentes
926 2115 1176 2198 compassionem

38 2216 179 2303 earnis,
207 2216 303 2278 esse
293 2215 542 2285 inhabitatione
561 2234 675 2276 carnea
689 2226 956 2299 nuncupantur,
951 2216 1176 2300 etrelatione,

61 2335 244 2399 quanquam
261 2313 405 2378 advenae
422 2316 516 2386 lunt
505 2337 540 2376 m
558 2327 697 2396 terra1n3
718 2312 772 2377 sed
786 2314 888 2395 magis
902 2315 1130 2380 assimilantur
1119 2340 1178 2381 rn-

60 2415 196 2495 digenis.
239 2412 338 2488 ,Unde
358 2425 545 2478 et-terrores
562 2417 745 2478 inferuntur
763 2416 880 2502 (Apoc.
895 2415 987 2497 VIII,
1010 2421 1064 2497 13)
1084 2419 1197 2505 snper,

59 2518 255 2581 habitatores
272 2518 401 2594 terrae‚'
421 2516 581 2603 rapientes
603 2517 714 2602 utique
734 2538 869 2604 eaquae
888 2521 1114 2599 tamensium,
1143 2530 1178 2584 et

58 2618 180 2680 terrani
196 2614 325 2683 indutos
339 2618 488 2699 imagine.
497 2665 518 2697 ,‚
565 2615 613 2678 Ita
628 2615 800 2699 Didymus.
850 2617 917 2698 Qui
935 2639 1013 2681 vero
1032 2632 1124 2684 notas
1142 2621 1179 2685 in

60 2717 204 2800 margine
218 2716 350 2795 adjecit:
377 2716 507 2798 „Caute
526 2718 640 2796 lege”,
669 2719 789 2803 inquit,
817 2719 1066 2797 „namlnbdole
1080 2721 1180 2785 vida-
1207 2712 1210 2717 ¹

60 2829 115 2881 tur
139 2818 298 2881 insinnare
321 2817 467 2881 haeresin
489 2816 640 2897 Origenis
666 2815 710 2879 de
729 2821 973 2904 praeexistentia
998 2824 1179 2888 animarum
1260 2818 1263 2823 ’

61 2930 137 2981 ante
153 2938 283 3005 corpora
299 2930 332 2980 et
345 2913 505 2979 mundum
517 2918 711 2982 visibilem.”
752 2915 893 2982 Fortasse
909 2918 948 2983 ad
962 2920 1099 2985 eandem
1113 2921 1180 2986 do-
1262 2928 1265 2932 ’

62 3020 196 3082 stainam
208 3023 343 3137 spectat,
370 3014 458 3103 qnod
473 3018 632 3102 baptismo
646 3015 806 3098 Didymus
820 3021 864 3082 ait
878 3019 918 3082 de
934 3032 962 3083 tr
987 3021 1030 3097 11,
1048 3031 1096 3102 14,
1114 3036 1177 3093 267

62 3142 124 3184 nos
138 3114 199 3206 τὴν
220 3112 398 3202 ἀρχαίαν
419 3107 670 3239 ἀπολαμβάνειν
685 3113 850 3206 πατρίδα,
873 3132 905 3183 at
918 3114 1098 3207 spiritums.
1114 3125 1181 3191 do-

33 3233 115 3283 'cet
135 3223 177 3283 ib.
206 3241 242 3282 c.
253 3233 302 3286 ts.
325 3242 358 3306 p
378 3224 440 3285 248
462 3209 599 3282 nobis'
578 3216 651 3284 aaa
671 3217 732 3306 γῆς
754 3212 883 3284 πάλιν
910 3218 1099 3312 δωρεῖσθαι
1121 3232 1215 3294 τοι(

59 3311 218 3408 οὐρανόν.

149 3421 415 3498 Libertatem
434 3418 603 3483 arbitrii
624 3418 745 3509 nbiqus
762 3417 925 3503 Didymus
943 3422 1086 3488 hominia
1103 3424 1180 3488 ani·-

63 3542 139 3586 mae
167 3520 313 3586 concedit
339 3518 420 3600 (vid.
440 3542 467 3583 c.
487 3517 628 3585 Manich.
657 3545 689 3609 p.
711 3534 791 3602 2123
833 3520 873 3583 de
900 3535 938 3587 tr.
956 3524 1017 3604 III,
1040 3538 1070 3605 2,
1099 3537 1180 3611 8313

64 3627 177 3690 Enarr.
196 3627 232 3688 in
252 3643 266 3691 t
283 3618 369 3687 Petri
381 3621 425 3701 ΙΙ,
442 3631 498 3703 18;
526 3624 560 3684 in
573 3622 647 3687 Jud.
671 3646 702 3710 p.
721 3633 794 3691 336.
816 3623 876 3703 Η.,
904 3618 1024 3688 multos
1041 3626 1083 3689 al.
1098 3628 1193 3709 loc.;.

38 3770 43 3781 -
65 3730 107 3793 cf.
127 3748 209 3814 qnae
229 3730 321 3813 supra
334 3721 505 3785 diximuse
523 3716 656 3807 Didymi
676 3735 785 3787 mente
799 3722 839 3785 de
851 3722 914 3786 Dei
928 3723 1128 3809 providentia
1146 3737 1187 3791 οἱ

65 3825 108 3890 de
128 3828 282 3906 diabolo).
330 3823 444 3909 Neque
455 3835 564 3886 tamen
580 3845 638 3911 per
649 3826 681 3888 ie
695 3827 798 3890 solum
810 3827 908 3888 homo
922 3828 1024 3888 bonus
1042 3827 1105 3915 elie
1115 3847 1182 3890 va·-

65 3935 113 3997 let
135 3932 212 4015 (qua
232 3926 273 3990 da
293 3945 329 3989 ra
346 3925 447 4007 infra,
473 3925 529 3987 ubi
550 3924 591 3989 de
609 3928 713 4008 gratia·
724 3929 826 3991 sermo
839 3928 916 4007 erit,
936 3925 1082 4012 pluribus
1098 3948 1181 4010 age-

68 4070 276 4093 ’““““
452 4064 468 4125 Ι

23 4210 30 4225 .
102 4143 131 4212 s)
150 4142 286 4199 Animam
298 4140 454 4198 bestiarum
469 4143 569 4199 tentat
583 4143 639 4199 asse
655 4141 686 4202 td
701 4143 732 4209 si
744 4138 809 4216 ailae
821 4131 893 4216 αἷμα
908 4140 946 4200 do
957 4149 998 4200 tr.
1010 4143 1065 4217 111,
1080 4144 1106 4217 l,
1116 4141 1179 4205 stt.
