2572 4770
79 206 104 251 :⁴
135 287 208 355 110
347 242 353 251 ¹
430 264 519 359 Cap.
544 264 617 335 sss.
665 262 896 355 Dogmatica.

75 414 79 421 ἡ
131 456 267 523 tentiam
286 462 321 515 et
339 447 423 530 legis·
440 447 733 534 prophetarumque
755 466 829 509 cum
847 446 942 511 Novo
956 442 1041 508 Test
1059 442 1248 510 consensum

132 581 194 625 nos
218 555 313 618 discet
332 550 410 630 (Str.
426 548 486 627 VI,
505 560 553 627 16,
571 555 663 629 803),
689 560 759 610 turn
780 546 957 610 haereticos
974 568 993 608 u
1009 567 1088 610 vero
1102 544 1249 611 doctrina

131 660 287 723 aberrasse
309 651 445 717 ostendit
468 650 543 729 (Str.
556 650 631 727 Vll,
651 660 699 726 17,
715 662 774 715 899
791 653 861 734 sq).
917 648 999 713 Nota
1022 648 1120 728 igitur
1139 649 1179 711 sit
1197 646 1246 727 (id

132 759 220 849 quod
238 781 280 821 ex
294 753 523 842 superioribus,
552 763 585 813 et
604 752 799 837 potissimum
822 772 864 812 ex
884 749 946 813 Str.
964 747 1039 828 VII,
1061 749 1137 815 161.
1154 750 1178 812 l.
1194 754 1247 813 se-

133 863 257 951 quitur)
273 860 354 921 haee
371 852 496 917 traditio
509 853 710 915 ecclesiastica
725 854 848 914 necesse
866 855 910 913 est
924 851 1072 913 omnibus
1088 849 1247 914 Christia-

134 966 203 1042 nis,
223 958 386 1048 prbbeque
400 956 510 1017 iccirco
527 952 736 1017 discernenda
749 956 795 1015 est
816 973 836 1014 u
858 952 996 1032 gnostica
1015 949 1156 1038 quadam
1177 964 1247 1016 tru-

134 1062 275 1140 ditione,
297 1058 410 1143 deque
423 1058 506 1118 inira
521 1076 663 1136 agemus.

133 1206 138 1219 ·
218 1158 476 1227 Fundamentum
493 1157 616 1242 itaque,
632 1157 694 1217 hoc
709 1177 793 1217 nunc
809 1152 977 1231 constabit,
994 1151 1248 1221 doctrinaeCle-

132 1267 297 1331 mentinae
315 1271 383 1327 erat
402 1258 551 1342 scriptura
570 1260 653 1319 sacra
672 1278 737 1318 una
756 1277 829 1318 cum
847 1256 1050 1317 ecclesiastica
1063 1254 1246 1325 traditione.

134 1370 247 1453 Neque
267 1376 375 1426 tamen
396 1372 480 1423 recte
502 1358 543 1421 de
555 1359 610 1421 illa
624 1356 765 1419 doctrina
777 1355 915 1436 judicare
929 1356 1122 1441 poterimus,
1142 1379 1248 1445 usque

136 1468 215 1533 dum
238 1464 541 1550 philosophiae,
567 1456 674 1522 fidei
696 1460 946 1543 gnoseosque
968 1459 1134 1538 notiones,
1163 1482 1247 1547 quae

134 1571 254 1652 ¹ubique
273 1562 358 1650 opud
374 1563 574 1627 Clementem
592 1562 720 1624 obviarn
740 1559 832 1623 nobis
850 1559 949 1635 siunt,
971 1562 1153 1625 enucleatas
1167 1584 1249 1627 mu-

134 1682 289 1752 tuamque
303 1686 413 1727 earum
428 1650 583 1727 rationem
594 1673 789 1747 compertam
804 1662 988 1722 habeamus.
1017 1660 1071 1723 Est
1082 1664 1143 1726 hac
1156 1662 1198 1729 de
1211 1686 1248 1729 re

133 1774 215 1835 liber
232 1769 382 1853 scriptus:
411 1765 462 1829 De
480 1764 555 1827 stdei
578 1767 773 1848 gnoseosque
789 1758 898 1839 ideae,
927 1782 987 1846 qua
1004 1758 1045 1822 ad
1058 1762 1091 1824 se
1104 1764 1247 1829 invitem

134 1885 231 1958 atque
247 1867 287 1931 ad
302 1868 534 1953 philosophiam
546 1869 717 1942 reseratur,
745 1865 884 1939 ratione,
911 1860 1083 1924 secundum
1101 1880 1247 1929 mentem

135 1972 311 2040 Clementis
325 1969 438 2045 Alex„
470 1964 674 2043 Heidelberg.
695 1978 790 2043 1811,
820 1968 908 2042 cnjus
920 1961 1107 2050 inspiciendi
1119 1968 1246 2053 copiam

80 2068 84 2077 ’
133 2075 217 2137 mihi
232 2070 300 2133 dari
312 2092 377 2131 non
391 2069 525 2153 potuisse
538 2069 747 2130 vehementer
759 2066 864 2127 doleo.

75 4246 83 4295 i

19 4334 26 4343 ·
45 4290 82 4431 ’ί

217 2175 320 2239 Nemo
339 2170 425 2231 illius
445 2170 514 2229 aeri
532 2170 582 2229 vir
602 2190 702 2253 aeque
720 2190 754 2229 ac
768 2168 917 2229 Clemens
930 2163 1049 2245 graecis
1064 2166 1170 2230 literis
1181 2189 1246 2232 ex·-

125 2276 237 2353 ,cultns
258 2290 431 2353 graecaque
451 2269 649 2353 philosophia
673 2270 813 2330 imbutus
839 2278 917 2327 erat.
971 2264 1064 2329 Idem
1093 2269 1243 2334 autemli

125 2362 318 2458 scripturam
330 2372 447 2430 sacram
460 2368 528 2428 veri
539 2370 662 2429 fontem
675 2368 802 2446 habuit,
825 2366 954 2445 cogitari
970 2367 1027 2429 vix
1040 2370 1160 2451 potest,
1182 2392 1243 2457 qus

132 2477 196 2539 alia
211 2474 263 2533 via
276 2469 316 2533 ad
333 2490 404 2530 eam
416 2469 608 2553 pervenerit,
623 2491 717 2555 quarn
733 2489 794 2552 ope
811 2468 1049 2553 philosophi
1058 2486 1105 2530 ae
1120 2493 1243 2557 -po-

132 2577 286 2640 tissimum
299 2570 474 2634 eclecticse.
496 2604 539 2615 --
586 2570 699 2654 Neque
715 2571 794 2630 haec
811 2569 966 2630 sententia
983 2569 1081 2654 ipsius
1093 2572 1242 2634 testimo-

133 2676 197 2743 niis
217 2673 364 2736 destituta
384 2672 438 2732 est.
490 2670 576 2732 Haec
601 2672 688 2733 enim
711 2672 823 2731 habet:
852 2668 915 2731 Str.
936 2668 962 2747 I,
987 2683 1013 2746 1,
1034 2678 1113 2735 ³26:
1143 2669 1242 2751 „Alii

130 2775 366 2865 philosophiam
379 2790 450 2831 cum
463 2771 605 2832 maximo
616 2773 701 2833 malo
716 2784 747 2833 et
761 2770 798 2833 ad
812 2770 981 2831 hominurn
992 2770 1170 2857 perniciem
1182 2792 1243 2837 ve-

133 2878 213 2943 nisse
230 2877 262 2937 in
278 2876 377 2936 vitam
390 2872 586 2950 existimant,
613 2884 648 2933 ut
671 2893 753 2959 quae
773 2873 915 2958 profecta
934 2872 973 2933 sit
990 2893 1008 2932 a
1022 2873 1165 2953 maligno
1179 2873 1242 2936 ali-

130 3000 196 3063 quo
216 2978 392 3039 inventore.
445 2972 514 3052 Ego
533 2986 641 3034 autem
666 2974 753 3037 ..in
776 2974 827 3035 his
856 2973 932 3033 totis
957 2970 1122 3034 ostendam
1142 2973 1240 3053 libris,

129 3068 286 3161 ἁμηγέπη
298 3068 399 3148 θείας
411 3065 509 3157 ἔργον
522 3068 684 3158 προνοίας
697 3072 754 3136 καὶ
766 3066 990 3158 φιλοσοφίαν·
1013 3093 1110 3158 porro
1124 3074 1202 3138 ibo.
1212 3086 1240 3140 ⁵.

128 3198 164 3265 p.
179 3188 257 3243 331:
287 3175 424 3261 „Atque
443 3186 509 3237 erat
527 3173 657 3260 quidem
671 3186 746 3236 ante
766 3173 888 3236 domini
903 3172 1077 3236 adventum
1094 3176 1242 3260 philoso-

130 3278 209 3365 phia
231 3276 359 3339 Graecis
379 3277 548 3339 necessaria
570 3275 610 3338 ad
629 3277 796 3355 justitiam,
831 3274 901 3338 νυνὶ
924 3272 962 3337 dai
986 3268 1136 3361 χρησίμη
1155 3275 1243 3361 πρὸς

129 3372 330 3457 θεοσέβειαν
348 3370 490 3459 γίνεται,
518 3369 727 3461 προπαιδεία
746 3397 798 3451 τις
814 3363 898 3437 οὖσα
910 3375 982 3449 τοῖς
994 3372 1053 3459 τὴν
1070 3373 1188 3441 πίστιν
1199 3368 1240 3442 δι’

129 3470 337 3553 modestam
360 3473 615 3560 καρπονμένοις.
632 3523 666 3540 ..
723 3475 758 3539 Si
786 3496 868 3561 (quae
888 3477 972 3537 bona
990 3478 1077 3557 sunt,
1112 3476 1154 3540 ad
1176 3474 1243 3543 Dei

127 3576 363 3667 providentiam
376 3582 510 3658 reseras,
533 3582 598 3641 stre
612 3599 723 3659 graeca
739 3579 825 3655 sunt,
842 3580 907 3640 sive
922 3582 1035 3642 nostra.
1080 3578 1242 3645 Omnium

127 3682 217 3745 onitu
236 3682 393 3745 bonorum
406 3676 495 3741 Deus
515 3684 558 3741 est
579 3681 683 3757 causa3
713 3676 763 3739 sed
780 3678 914 3740 aliorum
931 3678 1062 3764 quidem
1078 3682 1243 3770 principa-

128 3780 203 3844 liter
222 3774 321 3861 (κατὰ
342 3770 623 3863 προηγούμενον),
653 3792 690 3841 ut
707 3779 901 3841 Testamenti
916 3780 957 3843 V.
973 3793 1004 3842 et
1016 3782 1073 3861 Ν.,
1101 3785 1242 3849 aliorum

128 3894 238 3945 autem
256 3903 314 3967 per
331 3884 586 3967 consequentiam
607 3872 698 3959 (κατ’
716 3872 1015 3966 ἐπακολούθημα),
1035 3884 1114 3946 sicut
1129 3887 1244 3972 philo-

129 3982 269 4067 sophiae.
317 3981 424 4061 Quam
440 3995 546 4045 tamen
559 3982 731 4043 verisimile
744 3984 789 4043 est
803 3984 905 4069 ipsum
920 3982 1047 4047 Graecis
1061 4006 1122 4070 per
1132 3989 1165 4049 se
1179 3984 1244 4049 de·

130 4078 230 4160 disse,
266 4084 451 4169 priusquam
480 4081 629 4147 dominus
648 4082 785 4147 Graecos
806 4104 933 4168 quoque
954 4086 1102 4150 vocasset.
1157 4088 1242 4153 Nam

79 4220 82 4227 -
127 4179 195 4267 ipss
212 4204 339 4271 quoque
352 4184 490 4251 Graecos
511 4182 686 4271 paedagogi
704 4204 795 4250 more
817 4180 966 4267 docebat,
992 4185 1073 4251 licut
1092 4190 1149 4253 lex
1164 4186 1242 4253 He-
