2572 4770
335 208 340 219 “
437 243 608 337 Origene
630 242 936 351 (nscuropgra).
1165 249 1243 319 296

126 419 307 505 Redarguit
318 420 428 489 iccirco
439 425 545 491 noster
557 424 598 490 de
610 425 708 512 princ.
718 424 762 507 Π,
778 441 826 497 11.
840 433 1078 516 ptos-107,
1096 425 1241 514 utsupra

129 526 178 609 (p.
191 534 252 591 28³
266 535 299 588 et
314 529 392 606 291)
405 524 566 606 vidimus,
593 523 636 590 de
654 528 807 595 felicitate
825 542 958 595 externa
971 531 1098 615 fabulas
1112 525 1241 615 (quodsi

126 624 227 706 igitur
242 625 316 690 exb.
331 626 474 691 admart.
491 639 541 694 16.
554 628 620 692 vol.
629 627 656 708 1,
668 636 749 695 eat:
781 630 848 712 „In
860 629 1124 709 resurrectiona”,
1145 627 1239 710 ait„,
1267 650 1270 659 ¹

126 727 321 808 martyribus
330 730 483 793 restitutio
496 740 666 817 parentum
678 731 898 819 bonorumque
907 733 1054 797 omnium
1067 725 1109 792 ad
1121 739 1241 792 centu·

127 828 221 914 plum
242 847 343 913 usque
363 816 573 915 promittitur,
599 830 664 892 sola
683 853 785 896 uxore
803 834 980 922 excepta”,
1005 830 1041 896 id
1058 831 1125 893 sine
1139 826 1239 891 dubio

128 926 234 990 dicere
259 930 379 1009 voluit,
410 952 462 994 rea
487 933 583 1019 plane
604 933 781 1011 terrestres,
817 937 912 1021 qualo
930 936 970 998 sit
987 931 1240 1009 matrimonium,

126 1027 300 1113 aliquando
314 1033 419 1095 nullas
432 1034 498 1097 illic
509 1035 679 1097 inventum
690 1033 748 1115 iri,
767 1036 921 1100 amicitias
932 1055 1011 1101 vero
1024 1046 1058 1099 et
1070 1030 1240 1120 possessioss·

124 1151 186 1196 nea
200 1131 381 1213 talasium,
404 1155 571 1219 qumana,
596 1134 711 1221 quibua
724 1157 809 1199 nunc
818 1135 1033 1218 gaudeamus,
1053 1132 1240 1203 conticetu-
1259 1184 1262 1189 .

125 1235 265 1318 petent).
296 1232 377 1296 ”Est
389 1237 495 1320 potina
505 1285 542 1317 ‚„
555 1236 875 1302 inbancsententiam
885 1236 979 1326 depr.
990 1236 1111 1326 pergit,
1129 1229 1239 1296 ’'sefi-

126 1332 205 1395 citaa
215 1343 344 1395 aeterna
355 1332 488 1422 θεωρία
503 1350 536 1402 at
546 1337 835 1420 intellectuaDei.„
877 1338 926 1404 Gi.
941 1340 1017 1403 exit.
1030 1336 1071 1402 ad
1083 1338 1236 1401 martti·

126 1433 236 1510 colel,
252 1445 312 1502 107
320 1458 330 1501 a
358 1485 378 1517 ,‚
388 1436 476 1517 Quid
487 1440 662 1519 refugimus
674 1454 707 1504 et
719 1439 917 1521 dubitamus,
938 1442 1062 1519 abjecto
1076 1433 1164 1525 quod
1177 1452 1238 1499 noa

124 1534 264 1622 impedit
276 1539 471 1625 corruptibili
485 1560 616 1625 corpore
633 1554 667 1605 et
678 1553 805 1608 terreno
819 1541 1041 1618 tabernaculo,
1061 1534 1147 1626 quod
1159 1534 1238 1600 aoi-

124 1660 214 1702 mam
233 1650 342 1719 gravet
361 1651 394 1700 et
411 1651 523 1702 onerat
542 1654 687 1706 mentem
703 1643 887 1723 sollicitam,
912 1642 1051 1705 vinculis
1070 1637 1191 1703 absolvi
1202 1640 1249 1700 ot.

125 1740 229 1803 earnis
245 1761 281 1803 ac
296 1739 455 1819 sanguinis
470 1740 587 1806 fluctus
608 1741 762 1824 evadere,
790 1754 826 1805 ut
842 1763 915 1805 cum
931 1742 1054 1807 Christo
1066 1739 1138 1804 Jesu
1155 1759 1238 1826 pro·-

119 1842 194 1928 pria
212 1838 393 1904 beatudinis
413 1840 523 1924 requie
537 1843 757 1927 perfruamur,
784 1844 888 1928 ipsum
906 1828 1113 1928 omniad'per
1127 1839 1239 1903 omnia

125 1943 272 2005 Verbum
288 1941 401 2002 vivum
419 1930 614 2024 spectantes,
642 1945 681 2006 ab
696 1944 763 2029 ipso
777 1941 941 2019 innutriti,
967 1941 1049 2004 mire
1063 1943 1186 2005 variam
1200 1938 1237 2003 in

125 2045 193 2129 ipso
212 2020 400 2126 iapientiam
416 2040 741 2125 comprehendentes,
767 2042 806 2104 ab
824 2041 890 2126 ipsa
906 2038 1041 2104 veritate
1060 2038 1238 2120 informati,

125 2155 159 2206 et
184 2165 203 2204 a
221 2162 301 2204 vero
323 2153 356 2204 et
375 2139 571 2205 indeficienti
587 2143 734 2207 scientiae
755 2140 879 2204 lumine
898 2149 1008 2202 mente
1027 2139 1176 2202 illustrati
1194 2135 1238 2202 ed

123 2244 181 2307 illa
197 2240 382 2329 spectanda,
404 2263 486 2329 quae
498 2265 557 2329 per
567 2242 649 2306 illud
662 2246 773 2307 lumen
784 2239 1005 2329 conspicabilia
1017 2241 1089 2303 suut
1100 2239 1141 2303 iia
1153 2258 1237 2304 oeu-

122 2345 165 2407 lis
173 2392 183 2424 ‚
204 2364 284 2428 quoa
297 2340 421 2406 domini
433 2357 639 2431 praeceptum
652 2340 906 2407 illustraverit?”
975 2390 980 2397 -

208 2441 324 2522 Longe
345 2447 463 2509 abhoc
479 2446 608 2531 piorum
625 2435 707 2509 statu
727 2443 833 2506 differt
846 2438 986 2505 conditio
1003 2440 1238 2528 impiorum

122 2543 212 2611 Ante
226 2542 358 2629 quidem
371 2547 468 2608 etiam
481 2547 517 2608 hi
533 2546 620 2627 igni
639 2543 875 2632 purgatorio
895 2542 1127 2624 immittuntur-3
1146 2543 1237 2605 ’'ve-

123 2644 281 2711 niendurn
294 2648 381 2708 enim
396 2648 603 2709 est'omnibua
613 2643 653 2707 ad
660 2647 786 2727 ignem,
800 2640 1000 2706 veniendum
1008 2646 1053 2706 est
1061 2643 1101 2706 ad
1112 2642 1238 2707 confla·
1262 2632 1272 2639 ”

124 2749 271 2824 lorium„
288 2745 499 2825 (hom.V1,.t
517 2748 552 2809 iu
565 2746 669 2811 Exod.
683 2748 748 2808 vol.
766 2744 809 2823 II,
829 2746 913 2826 148).
957 2744 1082 2808 Verum
1102 2745 1153 2807 '’si
1170 2744 1236 2806 ati-

125 2849 197 2934 quio
216 2848 292 2909 illuc
313 2860 397 2909 totus
417 2848 590 2932 plumbeus
606 2848 748 2924 venerit,
773 2848 830 2908 fiet
849 2842 890 2907 de
901 2844 960 2906 'illo
976 2844 1037 2906 hoc
1053 2843 1139 2929 quod
1155 2844 1235 2907 scri·

123 2964 217 3037 ptum
235 2951 297 3026 est,
326 2946 529 3027 demergetur
548 2948 583 3009 in
601 2944 814 3034 profundum,
840 2958 994 3033 tauquam
1014 2943 1234 3030 plumbumin

123 3072 241 3138 equam
266 3046 518 3127 validissimam„
544 3048 628 3128 (in).
678 3047 806 3111 Abhinc
832 3046 1078 3133 sempiterna
1104 3063 1234 3130 poena

123 3154 254 3219 initium
277 3152 377 3237 capit,
409 3147 562 3232 improbis
583 3147 765 3212 Christianis
786 3149 876 3210 sensu
900 3145 1057 3208 eminenti
1075 3145 1235 3231 baptisma

122 3253 207 3333 ignis
222 3251 317 3331 (‚,ia,
350 3248 405 3333 qui
420 3251 489 3333 post
500 3245 600 3311 fidem
615 3259 649 3312 et
661 3247 877 3327 magisterium
891 3246 955 3309 Dei
965 3248 1088 3309 rursum
1105 3245 1147 3309 ad
1161 3247 1234 3309 scau·

121 3356 190 3417 lera
211 3353 379 3416 convorsus
398 3352 459 3428 est,
487 3350 625 3412 cruciatu
644 3361 797 3435 purgatur
814 3344 964 3408 incendii.
1010 3339 1193 3432 Μακάριος
1211 3362 1232 3410 a

124 3446 369 3538 βαπτιζόμενος
388 3444 423 3516 ἐν
437 3440 522 3535 ἁγίῳ
533 3440 713 3530 πνεύματι,
735 3444 791 3511 καὶ
804 3442 851 3533 μὴ
866 3439 1022 3528 δεόμενος
1034 3439 1234 3528 βαπτίσμα-

123 3577 183 3630 τος
202 3555 264 3618 τοῦ
285 3544 355 3617 ἀπὸ
377 3547 495 3636 πυρός.
517 3597 527 3616 .
576 3549 611 3615 si
633 3551 704 3636 quis
725 3549 761 3610 in
776 3545 1149 3611 secundarelurrectione
1162 3548 1234 3611 ser-

123 3671 235 3735 vatur,
261 3657 318 3718 iste
338 3664 483 3739 peccator
500 3652 562 3732 est,
586 3651 642 3736 qui
655 3651 737 3731 iguis
748 3648 871 3730 indiget
882 3647 1066 3736 baptismo”
1080 3683 1124 3698 -
1142 3644 1236 3713 hom'

123 3758 168 3840 II,
185 3770 202 3827 3
220 3755 384 3820 inderem.
405 3755 472 3818 vol.
485 3751 545 3834 111,
568 3755 654 3834 189).
701 3748 826 3816 Gradua
840 3751 914 3814 sunt
928 3750 1024 3813 etiam
1044 3768 1235 3836 poenarum·

124 3861 293 3941 („Peccata
304 3855 534 3932 involuntaria,
554 3874 637 3941 quaa
653 3850 777 3938 expiari
790 3851 922 3938 possint,
943 3849 1051 3936 puniri
1061 3850 1095 3912 in
1106 3850 1234 3931 geben·

125 3980 188 4041 na,
223 3961 345 4038 majora
375 3956 467 4034 alibi,
502 3953 590 4017 baud
618 3954 829 4039 improbabile
855 3951 945 4015 esse’'
976 3948 1052 4013 dicit
1073 3949 1234 4034 Origenes

127 4066 216 4130 bom.
230 4060 358 4139 XVIII,
382 4068 419 4127 15
439 4057 473 4119 in
490 4055 608 4121 Jerem.
630 4058 696 4118 vol.
717 4055 777 4136 111,
795 4057 885 4133 261.)
934 4052 1115 4133 Fragment.
1134 4072 1155 4115 e
1174 4053 1232 4118 lib.

123 4164 171 4232 de
190 4158 501 4254 proverbial-111,
516 4173 551 4229 ta
590 4158 612 4238 ’J
621 4157 828 4227 Manifestum
843 4157 890 4222 cst
897 4201 918 4238 ,‚
926 4200 948 4240 5.
957 4154 1019 4237 ait,
1040 4152 1155 4245 ”quod
1168 4174 1235 4223 utta

85 4314 125 4361 dir.
