2572 4770
575 251 754 342 Origenea.
843 308 846 313 .
1163 263 1211 332 21

100 418 302 509 introiere
317 421 514 511 οἰκοδομὴν,
528 420 597 493 οδκ
616 422 792 514 ἐφρόντισε
805 428 870 493 τῶν
883 429 982 515 τιμῆς
1000 424 1211 518 ἀγορασθέν-

98 543 185 599 των,
216 516 313 610 ὑπὲρ
328 513 372 588 ὧν
390 522 541 611 Χριστδς
558 524 729 595 ἀπέθανεν
748 555 776 594 κ.
794 551 823 594 τ.
840 527 871 595 λ.
917 530 989 595 Jam
1008 554 1085 596 vero
1104 532 1213 598 coufi-

98 624 186 699 lium
201 625 349 689 suumin
366 627 559 692 conferendo
582 643 670 694 textu
686 634 823 694 hebraeo
837 653 909 694 cum
923 635 1041 712 graecis
1052 632 1212 697 verfioni-

99 724 168 786 bur
188 726 255 789 ll.
277 749 308 811 p.
333 741 381 794 16
408 741 446 795 17
467 727 579 793 diserte
601 733 752 816 exponite
790 729 905 795 Ταῦτα
931 726 969 795 δέ
997 752 1103 818 φημι,
1136 724 1212 846 οάγὶ

100 812 417 915 οκνρττοῦέρευνᾷν
434 824 566 902 καὶτὰς
585 826 670 893 κατὰ
683 825 865 907 Ἰουδαίους
884 829 1031 916 γραφὰς,
1056 830 1113 896 καί
1135 822 1210 897 πά-

102 944 179 1001 σας
185 922 248 1001 τάς
262 919 429 1012 ἡμετέρας
448 931 522 1004 ταῖς
543 924 676 993 ἐκείνων
694 927 893 1013 συγκρίνειν,
923 931 981 995 καί
1001 924 1084 1019 δρᾷν
1098 927 1160 1007 τάς
1172 927 1209 998 δν

96 1023 220 1104 αὐτοῖς
246 1021 425 1113 διαφοράς.
476 1022 575 1112 τίμὴ
599 1026 761 1114 φορτικὸν
781 1030 860 1116 γοῦν
878 1026 1002 1109 εἰπεῖν,
1033 1029 1093 1097 ἐπί
1115 1024 1205 1097 oniti

96 1127 218 1207 τοῦτο,
246 1121 309 1213 ὅση
329 1126 483 1209 δύναμις,
517 1123 765 1215 πεποιήκαμεν
790 1124 1005 1217 γυμνάζοντες
1025 1122 1132 1196 αι’πῶν
1148 1126 1207 1196 τδν

98 1230 177 1294 νοῦν
208 1222 244 1292 ἕν
267 1224 396 1305 πάσαις
416 1232 491 1304 ταῖς
518 1222 674 1294 έκδόσεσι
703 1231 761 1296 καὶ
786 1236 860 1308 ταῖς
884 1231 1065 1318 διαφοραῖς
1085 1225 1206 1309 αὐτῶν,

98 1321 183 1412 μετά
207 1326 268 1393 τοῦ
293 1330 407 1404 ποσῶς
433 1328 561 1410 μᾶλλον
586 1325 698 1395 ἀσκεῖν
717 1327 778 1421 τὴν
802 1327 977 1420 ἑρμηνείαν
997 1330 1063 1395 τῶν
1084 1322 1120 1396 ό·
1150 1324 1208 1395 ἵνα

99 1423 147 1519 μή
164 1451 201 1494 τι
227 1423 496 1514 παραχαράττειν
516 1429 693 1517 δοκοίημεν
721 1435 794 1511 ταῖς
820 1426 888 1498 ὑπὸ
908 1430 965 1497 τδν
984 1424 1126 1519 οὐρανὸν
1143 1420 1206 1495 δα·

100 1525 270 1616 κίησίαις·
305 1530 363 1592 καὶ
392 1524 585 1616 προφάσεις
610 1533 752 1616 διδῶμεν
769 1536 840 1610 τοῖς
864 1531 1017 1619 ζητοῦσιν
1036 1524 1218 1618 ἀφορμάς,”

100 1627 259 1699 ίθέλουσι
278 1627 356 1705 τοὺς
379 1624 523 1719 ἐνμέσῳ
547 1638 779 1721 συκοφαντεῖν,
813 1635 888 1799 καίὁ
892 1635 957 1698 τῶν
977 1624 1205 1718 διαφαινομέ·

98 1756 161 1797 νων
185 1728 221 1797 ἐν
247 1752 295 1815 τιμ
313 1730 413 1815 κοινῷ
427 1738 629 1822 κατηγορεῖν.
673 1730 888 1817 ἀσκοῖιμενδ
889 1735 974 1821 έμη
963 1726 1122 1827 ἀγνοεῖν
1145 1730 1205 1798 καί

45 1886 47 1919 ,
100 1833 158 1911 τὰς
184 1823 268 1917 παρ’
298 1825 516 1908 έκείνοις·“
500 1857 553 1897 ινα
580 1829 667 1921 πρὸς
693 1828 875 1911 Ἰουδαίους
900 1822 1131 1919 διαλεγόμενοι
1152 1853 1200 1919 μη

46 1926 49 1933 ’
100 1931 339 2055 προςφέρωμεν
358 1923 472 2008 αὐτοῖς
488 1929 529 1997 τὰ
547 1932 593 2022 μὴ
617 1930 750 2016 κείμενα
769 1930 804 1999 έν
818 1937 889 2010 τοῖς
904 1927 1122 2020 ἀντιγράφοις
1137 1924 1225 1997 αδ-“

100 2035 176 2112 τῶν,
204 2034 262 2096 καί
283 2026 337 2095 ῖνα
355 2026 619 2117 συγχρησῶμεθα
638 2037 709 2110 τοῖς
726 2029 926 2120 φερομένοις
941 2054 1012 2117 παρ
1014 2027 1199 2109 ’ἐκείνοις

99 2132 129 2202 τί
147 2134 205 2199 καί
225 2128 261 2197 έν
284 2135 356 2210 τοῖς
380 2125 558 2221 ἡμετέροις
577 2126 618 2198 οδ
637 2136 745 2198 κεῖται
765 2128 929 2214 βιβλίοις·
964 2124 1121 2218 τοιαύτης
1136 2127 1202 2217 γὰρ

98 2225 200 2321 οὔσης
218 2225 312 2317 ἡμῶν
334 2255 371 2297 τε
397 2229 486 2321 πρὸς
509 2227 631 2310 αὐτοὺς
650 2228 686 2353 {v
704 2235 778 2311 ταῖς
800 2227 955 2356 ζητησεσι
971 2251 1201 2318 παρασκευης,

96 2332 135 2404 οὔ
155 2329 484 2421 καταφρονήσουσιν,
522 2328 617 2411 οὐδ’,
652 2325 697 2411 ὡς
726 2327 810 2412 ἔθος
833 2330 962 2411 αὐτοῖς,
1002 2322 1200 2437 γελάσονται

93 2438 223 2517 τοὺς
190 2432 261 2501 ἀπὸ
279 2435 345 2498 τῶν
363 2432 471 2500 ἐθνῶν
490 2428 725 2514 πιστεύοντας,
764 2426 809 2512 ῶς
835 2430 861 2499 τ’
892 2427 1006 2521 ἀληθη
1032 2431 1090 2498 καί
1111 2451 1202 2517 παρτ

93 2536 209 2615 αὐτοῖς
224 2529 493 2622 ἀναγεγραμμένα
512 2527 719 2621 ἀγνοοῦντας.

177 2638 236 2707 Ad
265 2637 368 2703 Novi
395 2636 653 2700 Testamenti
675 2641 846 2703 verborum
875 2639 1000 2702 criticae
1026 2633 1198 2699 utilitatem

89 2739 179 2810 haud
192 2760 307 2828 parum
324 2738 418 2817 facit,
447 2735 533 2822 quod
549 2738 704 2820 Origenes
726 2760 827 2826 aeque
842 2759 877 2803 ac
892 2735 1073 2803 Clemens
1062 2758 1098 2798 111
1117 2734 1197 2798 lcri-
1245 2760 1248 2767 ·

90 2845 156 2933 ptis
181 2842 245 2904 luis
275 2851 438 2924 corruptae
464 2836 614 2902 editionis
633 2837 873 2904 Alexandrinae
900 2844 990 2924 (ante
1011 2835 1197 2901 Scholzium

89 2965 152 3032 της
165 2962 278 3025 κοινης
292 2931 455 3017 εκδόσειυς
469 2938 584 3017 dictae)
602 2939 638 3017 θ)
659 2941 846 3027 exemplum
866 2942 957 3004 nobie
971 2939 1117 3025 reliquit,
1138 2959 1196 3000 cna
1232 2978 1239 2991 ·

89 3052 142 3128 jue
154 3041 402 3110 Griesbacltius
392 3062 427 3101 m
441 3037 581 3103 editione
595 3040 701 3107 luaN.
712 3040 752 3105 T.
768 3040 924 3104 rationem
937 3038 1067 3118 habuit,
1088 3036 1205 3125 quod-

88 3167 155 3235 que
181 3144 288 3222 idem,
323 3142 400 3202 ficut
420 3139 611 3222 Clementis,
645 3144 813 3227 separatim
840 3138 1000 3203 tradidit
990 3163 1025 3202 1n
1044 3139 1196 3222 symbolis

88 3248 157 3311 crit
171 3244 217 3323 II,
231 3254 291 3309 227
300 3275 342 3288 -
352 3253 421 3308 620.
470 3240 636 3305 Praeterea
656 3262 732 3304 vero
750 3244 847 3304 etiam
861 3240 1062 3305 Clementem
1075 3239 1196 3322 Orige-

87 3368 149 3413 nes
164 3347 291 3431 superat
302 3362 378 3407 rere
399 3343 504 3408 critica
523 3364 636 3429 opera,
665 3364 759 3430 quam
774 3343 866 3407 Novo
881 3342 966 3408 Tclt.
989 3339 1116 3407 videtur
1132 3361 1196 3404 ne·-

84 3480 297 3513 m

119 3566 149 3636 ‘J
172 3560 322 3629 „Clarum
335 3559 416 3629 ew
435 3559 508 3613 haec
521 3562 610 3615 verba
621 3561 686 3615 lunt
698 3563 724 3618 J.
736 3561 780 3614 M.
790 3560 823 3615 A.
837 3557 962 3615 Scholzii
976 3562 1010 3617 V.
1019 3561 1053 3612 V.
1066 3560 1097 3613 in
1108 3554 1195 3627 ipiiur

158 3646 245 3701 Curia
258 3645 369 3700 oritieir
379 3647 411 3699 in
423 3646 521 3702 histor.
532 3655 603 3700 text.
620 3665 680 3703 ενι.
694 3665 722 3716 p.
740 3646 789 3713 17,
818 3684 839 3715 „
849 3645 1007 3716 origenem
1027 3648 1070 3710 (in
1083 3642 1194 3699 Manli.

156 3735 194 3788 Τ.
209 3734 272 3790 XV.
296 3734 350 3787 vol.
365 3736 417 3787 111.
439 3735 475 3802 (l)
503 3734 548 3787 ed.
562 3734 652 3786 Huet.
672 3751 703 3804 p.
719 3731 780 3787 ³81.
811 3731 849 3787 ef.
862 3732 930 3787 ibid.
948 3752 977 3804 p.
993 3728 1061 3798 439,
1085 3744 1194 3785 comm.

155 3821 188 3875 in
201 3820 268 3874 ioh.
284 3837 313 3889 p.
329 3819 390 3885 151)
406 3819 551 3889 duplicem
563 3819 883 3887 sententinmtcnuille‚
904 3820 1045 3883 alteram,
1071 3831 1147 3885 quae
1159 3813 1197 3868 li·

158 3908 327 3962 hreriorum
347 3904 523 3976 negligentia
541 3915 619 3959 ortos
637 3905 722 3959 inille
737 3905 848 3959 diceret
868 3920 981 3957 errem
998 3902 1030 3955 in
1047 3899 1195 3957 codicibus

159 3993 393 4062 evangeliorum,
419 3992 558 4060 alteram,
586 4009 661 4063 quae
680 3993 726 4061 vel
740 3993 856 4047 condem
869 3990 914 4043 vel
926 3983 1132 4060 grammaticos
1146 3986 1194 4045 vel

158 4078 326 4148 quicunque
344 4078 388 4133 hir
409 4079 491 4131 libris
513 4079 554 4133 uti
574 4082 657 4151 lunt,
685 4080 861 4138 existimaret
884 4094 938 4151 per
961 4072 1144 4131 oscitantiam
1162 4084 1195 4131 ut

154 4166 307 4223 lieentirm
321 4181 370 4220 eor
383 4162 561 4223 admil'rffe.”
