2572 4770
533 282 713 376 Origenes.
1128 301 1186 373 η.

65 463 176 535 multis
190 465 478 553 lociscorruptarn,
490 462 615 530 Comm.
630 464 664 528 in
672 458 832 533 trutchfr.
843 458 920 533 XV.
942 466 1007 534 vol.
1017 466 1076 549 ΠΙ,
1091 452 1185 559 ets),

63 571 210 655 reliquae
222 569 350 632 facilius
364 567 450 648 exigi
463 579 496 631 et
509 564 686 631 examinari
706 569 838 654 possent.
886 566 925 633 In
938 568 1086 659 hexaplis
1101 594 1184 639 eae-

64 670 145 736 dem
170 671 329 733 versrones
357 667 472 733 eodem
491 662 604 731 ordine
631 680 722 731 erant
749 669 936 749 collocatae,
970 671 1110 754 sedita,
1142 686 1184 745 ut

10 824 12 843 ,
63 773 174 859 prima
187 773 334 835 columna
349 781 473 833 textum
485 766 669 834 hebraicum
680 765 838 835 hebraicis
858 769 958 836 literis
975 775 1040 836 fine
1053 778 1181 862 punctis
1238 812 1240 817 ·

63 873 248 952 vocalibus,
275 867 412 934 secunda
435 856 586 935 eundem¹
600 882 726 935 textum
746 868 931 936 hebraicum
946 874 1046 938 literis
1059 879 1182 977 graepis
1215 930 1217 935 ,

65 970 258 1058 descriptum
279 966 454 1035 exhiberet.
504 971 689 1059 Aliquando
712 966 827 1051 adjecit
846 973 990 1060 quintam
1012 989 1045 1038 et
1057 980 1183 1047 sextam
1277 1048 1280 1055 ,

62 1074 247 1138 versionem
273 1074 327 1135 seu
360 1067 536 1135 editionem
564 1067 842 1136 Hierichuntinam
866 1087 899 1137 et
926 1058 1183 1165 Nicopolitaoam
1279 1058 1282 1063 Ι

60 1174 154 1238 iniis
177 1168 267 1236 libris
274 1217 284 1253 ,
312 1192 448 1260 quorum
469 1173 531 1237 hae
551 1175 711 1238 versiones
733 1176 916 1256 exstabant,
941 1174 1029 1240 unde
1045 1177 1182 1269 Ortopla

61 1286 178 1340 exorta
206 1269 294 1354 lunt,
331 1296 412 1361 quae
436 1273 624 1361 neutiquam
645 1276 805 1360 peculiare
831 1274 962 1362 aliquod
991 1290 1023 1341 et
1047 1282 1088 1343 ab
1114 1283 1182 1347 he-

61 1376 172 1464 xaplis
187 1374 369 1439 distinemur
391 1390 473 1460 opus
495 1373 735 1441 constituebant.
781 1374 853 1442 Imo
874 1390 907 1441 et
935 1373 1105 1464 aliquando
1124 1385 1185 1448 se-r·

61 1481 168 1567 ptime
187 1474 286 1539 editio
307 1495 416 1556 graeca
439 1472 546 1537 addita
564 1470 646 1554 fuit,
681 1494 763 1561 cquae
788 1496 909 1541 nonam
932 1495 1100 1565 occuparet
1119 1506 1183 1549 eo·-

61 1583 230 1656 lumnam,
272 1573 419 1661 quamtis
451 1594 570 1639 nomen
598 1575 837 1663 Enneaplorum
870 1602 936 1644 non
972 1580 1184 1667 inveniatur.)

61 1676 183 1745 Critiae
202 1676 351 1758 Origenis
375 1695 471 1763 opera
491 1678 570 1740 haee
589 1678 669 1740 fuitt
697 1677 847 1758 „Textui
869 1673 935 1743 τῶν
956 1669 975 1744 ό
993 1686 1080 1761 (utor
1100 1707 1183 1751 ver·-

61 1781 114 1845 bis
142 1774 263 1841 Mortui
286 1779 320 1863 in
347 1776 489 1842 exercitt.
522 1778 597 1842 bibl.
623 1777 674 1842 ed.
702 1778 799 1841 Paris.
830 1792 927 1861 1669,
959 1783 1037 1863 sos,
1073 1805 1181 1855 exero.-

62 1877 124 1947 Ν.
147 1900 215 1965 cap.
233 1893 259 1944 1.
283 1902 314 1966 p.
330 1892 368 1945 87
383 1882 462 1966 sqq.)
475 1880 531 1940 sub
548 1880 688 1941 asterisco
712 1878 811 1976 (χ)
833 1879 980 1958 inseruit,
1007 1906 1088 1968 quae
1102 1899 1183 1954 tex..

62 1993 117 2045 tus
130 1980 290 2044 hebraeus
303 1978 457 2061 addebat3
486 1977 777 2043 additamentorum
797 1990 906 2041 autern
926 1981 1058 2045 istorum
1075 1983 1182 2048 inter·-
1271 1978 1273 1983 ’

64 2077 279 2168 pretationem
302 2103 321 2144 a
341 2078 573 2145 Theodotionis
593 2082 737 2144 ve'rfione
757 2091 920 2145 mutuatus
940 2084 1002 2160 est,
1030 2103 1069 2144 eo
1092 2082 1182 2170 quod

64 2185 165 2247 rerba
179 2182 396 2269 versionisque
407 2182 506 2264 stylos
520 2178 561 2244 ad
576 2175 674 2247 LXX
691 2179 901 2268 interpretum
916 2179 1029 2244 ceteris
1048 2187 1188 2271 propina-

64 2277 227 2349 accedam.
277 2282 325 2344 At
345 2284 438 2347 obelo
458 2278 582 2383 (Q)
605 2283 745 2360 notavit,
760 2355 762 2359 ,
776 2303 857 2367 (puae
877 2281 976 2346 LXX
993 2285 1098 2348 textui
1114 2287 1184 2351 he-

66 2388 163 2450 braeo
175 2378 345 2447 addebant.
352 2381 372 2415 '’
414 2385 597 2464 (Praeterea
611 2384 708 2457 etiam
720 2376 825 2460 judice
838 2377 1019 2469 Epiphanio
1037 2383 1077 2447 de
1091 2407 1185 2472 pon-s

67 2487 198 2552 deribus
217 2495 250 2548 et
269 2487 407 2550 mensur.
433 2507 459 2549 e.
477 2499 514 2553 17
536 2486 694 2550 lemniscis
717 2477 858 2583 (·-2--)
880 2496 918 2562 et,
931 2468 1185 2572 hypolemniscis

10 2590 17 2671 l
68 2583 209 2687 (-·,-··)
232 2582 389 2667 Origenes
405 2587 479 2652 usus
497 2588 550 2652 est.
600 2585 693 2667 Quae
712 2585 764 2648 his
783 2582 824 2647 de
844 2587 940 2649 relius
960 2585 1018 2649 ille
1034 2590 1188 2674 exponit,

67 2687 162 2752 ualde
176 2690 249 2750 sunt
263 2689 401 2752 confusa.
449 2688 517 2768 „Id
531 2689 587 2751 sibi
602 2684 754 2767 tamen,”
781 2684 918 2759 Huetius
940 2684 985 2749 ait
1004 2687 1191 2770 origenis-2

67 2784 371 2867 autumationum
386 2800 460 2852 ante
475 2788 624 2868 Origenis
638 2787 889 2866 Commentario,
912 2785 1064 2850 Coloniae
1080 2793 1184 2871 1⁶85)

68 2890 122 2954 lib.
137 2884 199 2955 III.
220 2905 253 2974 p.
270 2899 351 2971 260,
371 2885 529 2970 „videtur
541 2892 642 2968 velle,
665 2882 832 2959 lemniscos
853 2885 1042 2973 adscripsisse
1058 2887 1188 2969 Orige-‚

67 3014 161 3071 nem,
184 2988 434 3077 quotiescunque
448 2985 512 3055 duo
527 2990 660 3076 plurave
673 2991 761 3076 paria
773 2989 984 3076 interpretum
998 2987 1074 3068 (hos
1088 2989 1179 3055 euim
1201 3072 1204 3077 .

66 3094 101 3158 in
111 3090 268 3159 XXXVI
279 3088 367 3179 paria
381 3089 472 3155 luisse
487 3091 639 3156 discretos
654 3105 686 3155 et
702 3088 736 3153 in
750 3092 899 3153 omnibus
911 3092 980 3152 sere
994 3092 1180 3157 consensisse

66 3206 229 3273 autumat,
254 3215 327 3256 curn
341 3192 526 3279 scripturam
538 3196 656 3257 sacram
670 3191 705 3255 in
717 3189 866 3277 Aegypto
878 3187 1187 3275 interpretarentur>

64 3315 183 3362 vocem
202 3294 342 3380 aliquam
358 3297 571 3381 usurpassent,
607 3297 646 3357 ab
673 3314 711 3357 ea
739 3290 896 3354 diversam
919 3289 1079 3369 (ejusdem
1102 3292 1179 3359 licet

13 3454 17 3469 .
64 3392 335 3481 significationis),
350 3417 411 3480 qua
425 3395 473 3459 ufi
484 3395 613 3457 fuissent
627 3391 742 3480 reliqui
756 3391 945 3477 interpretes
958 3390 1060 3479 (quod
1072 3391 1186 3479 ipsum

10 3534 12 3539 .
63 3503 134 3563 sere
153 3498 276 3560 habent
289 3496 466 3578 Hesychius
486 3496 521 3558 in
534 3492 580 3559 rt.
594 3492 672 3573 XII,
688 3502 707 3560 4
724 3507 756 3556 et
768 3492 906 3557 Isidorus
922 3491 1045 3573 Origin.
1061 3492 1087 3571 I,
1101 3499 1186 3577 20),¹

61 3595 325 3686 hypolernoiscos
338 3618 415 3662 vero
430 3593 601 3676 adnotasse,
614 3595 638 3658 sr
653 3593 780 3681 quando
792 3615 905 3659 vocem
919 3593 1104 3673 hujusmodi
1118 3614 1187 3680 par,
1267 3614 1270 3620 ·

63 3703 200 3766 unicum
213 3696 473 3778 adhibuisset.”).t
496 3695 695 3775 Dissentiunt
708 3707 815 3759 autem
828 3692 892 3760 riri
902 3692 1001 3772 docti,
1023 3693 1194 3778 quidnam-‚-

63 3801 187 3867 consilii
195 3795 521 3864 inconscribendoillo
531 3818 627 3883 opere
636 3786 1002 3883 Origenessequntussit
1023 3793 1050 3858 J.
1058 3795 1100 3858 A.
1109 3795 1189 3869 Er-.

62 3903 186 3968 nestius
200 3900 388 3982 deOrigene
401 3899 531 3989 interpr.
540 3918 671 3981 gramm.
681 3911 808 3963 auctore
823 3896 857 3961 in
872 3896 1011 3984 opuscul.
1019 3895 1098 3980 phil.
1108 3896 1190 3975 crit„

60 4029 94 4094 p.
109 4018 175 4074 600
190 4008 254 4091 sqq.
271 4006 294 4089 i.
311 4016 349 4069 12
363 4005 427 4089 sqq.
445 4000 479 4064 in
491 4004 552 4063 hoc
572 4019 667 4085 opere
675 3997 850 4080 Origenem
864 3994 943 4061 duas
959 4016 1011 4058 res
1026 3997 1183 4081 spectasse·

62 4121 165 4194 putat,
181 4106 321 4193 primum
333 4114 368 4164 ut
378 4101 540 4188 exemplar
554 4101 706 4164 librorum
720 4098 902 4163 divinorum
912 4098 945 4162 in
956 4108 1092 4183 utroque
1105 4099 1189 4171 satq-

61 4226 162 4277 moue
183 4208 263 4273 estet
281 4201 590 4296 emendatissimum,
622 4220 664 4265 ex
684 4221 753 4367 qap3
770 4195 1073 4297 exempl'axdesctibi
1091 4200 1186 4271 bone·

773 4315 795 4372 2
