2572 4770
129 274 205 344 868
314 308 317 312 -
447 255 543 381 ¹Cap.
570 256 641 326 111.
693 254 930 369 Dogmotiras

128 443 222 534 rapsa
234 478 277 496 -
289 462 323 527 p.
339 448 400 507 ser
416 473 458 489 -
479 436 600 520 tana),
627 429 664 501 tr
676 426 787 500 ostro
805 423 897 524 ‹itte›
912 430 1004 502 ἐστὶι
1021 435 1175 526 uaeque
1191 438 1245 522 (σι

75 586 78 593 -
129 546 361 626 tr.1,29,es).
629 568 635 580 ·

217 649 330 732 Neque
351 663 429 704 vero
453 639 528 700 solis
547 637 749 715 hominibus,
785 634 840 700 sed
867 639 1060 703 universo
1084 640 1267 725 rnundo,t

70 722 75 733 ¹
129 745 333 815 rationali
362 740 634 830 potissimum,
675 741 838 820 (etiam,
881 752 924 804 nt
956 741 1145 825 videtur,
1184 746 1243 827 lass

130 850 214 936 piis
242 843 444 923 angelis),
492 839 674 905 Christus
702 861 825 926 opere
853 844 920 905 suo
953 846 1134 930 profuit.
1197 844 1242 911 Et
1279 852 1282 863 '

130 951 222 1012 enim
257 944 319 1026 (de
348 957 386 1006 tr.
408 942 435 1021 Ι,
457 954 508 1016 28,
534 944 595 1019 88)
625 931 650 1002 ri
684 934 874 1017 καλλίνικος
907 931 926 1007 ὃ
958 938 1073 1037 σωτὴρ
1109 938 1242 1033 esparsi

133 1047 192 1112 καὶ
217 1044 279 1130 γῆς
305 1042 363 1107 καὶ
388 1035 577 1125 θαλάσσης.
637 1038 674 1103 In
696 1040 807 1107 Enarr.
838 1056 945 1106 autem
972 1046 1007 1107 in
1040 1061 1056 1112 t
1084 1046 1172 1111 Petri
1189 1046 1239 1112 Ill

103 1188 106 1193 ,
132 1172 166 1236 p.
195 1157 267 1213 325.
302 1143 343 1208 G.
373 1142 459 1206 Petri
492 1143 590 1203 verba
617 1162 650 1205 r.
681 1154 722 1208 22
755 1144 797 1204 sic
832 1132 984 1230 exponit:
1034 1146 1158 1210 ”Sicut
1194 1170 1241 1236 per

132 1250 238 1311 filium
251 1245 333 1323 Dei,
362 1241 446 1329 quod
462 1243 606 1305 Verbum
629 1243 675 1303 est
694 1245 747 1304 seu
766 1245 864 1323 ratio,
886 1245 1054 1309 essentiam
1069 1263 1242 1313 cunctare-

132 1351 269 1414 tionalia
289 1358 321 1409 et
339 1356 375 1406 ut
399 1346 498 1405 essent
516 1344 714 1421 habuerunt3
743 1343 785 1405 fic
803 1366 861 1430 per
880 1365 956 1407 eurn
974 1351 1127 1411 tironium
1141 1372 1242 1415 eorum

133 1454 217 1514 salus
231 1448 342 1509 effecta
355 1446 410 1506 est.
459 1442 526 1521 Oui
546 1440 683 1528 [quia?]
701 1446 1041 1523 nonsubstantialiter‚
1065 1449 1121 1512 sed
1139 1454 1243 1538 acqui.

132 1553 226 1617 fitive
248 1547 446 1609 sanctitatem
464 1545 599 1622 habent,
634 1566 707 1607 curu
731 1558 890 1609 creaturae
909 1549 980 1609 suut
1003 1548 1151 1633 [fint?],
1183 1556 1243 1632 jura

133 1649 280 1739 purgatio
305 1648 391 1707 facta
417 1644 463 1706 est
489 1645 571 1707 circa
595 1657 706 1707 cunata
731 1647 792 1710 hoc
816 1647 913 1710 modo
933 1649 1091 1714 habentia
1118 1654 1243 1715 bonita-

70 1738 73 1743 ’
132 1764 211 1813 tem.
273 1744 367 1811 Unde
394 1749 492 1808 etiarn
520 1744 648 1807 sublimi
677 1767 731 1808 ore
759 1748 1044 1831 [sublimiorems]
1075 1755 1243 1817 correctio-

133 1872 211 1915 nem
229 1849 413 1934 suscipiunt.
462 1847 650 1910 Pacificavit
672 1847 760 1909 enirn
779 1847 869 1912 Jesus
889 1869 948 1935 per
967 1852 1161 1931 sanguinem
1178 1878 1243 1918 cru·

134 1952 180 2017 ris
214 1953 287 2014 suae
322 1969 404 2034 quae
439 1947 475 2010 in
506 1946 604 2010 coelis
639 1958 672 2008 et
708 1968 789 2033 quae
821 1948 856 2009 in
889 1961 975 2012 terra
1008 1953 1105 2032 sunt,
1154 1976 1243 2018 omne

132 2055 256 2120 bellum
283 2049 447 2112 destruens
475 2057 508 2109 et
532 2049 714 2110 tumultum.
776 2045 856 2110 lllox
882 2051 1004 2112 etenim
1035 2053 1072 2114 in
1101 2051 1242 2121 descensu

133 2158 203 2234 ejus
216 2165 250 2216 et
265 2152 432 2214 nativitate
445 2148 529 2211 sacta
543 2145 584 2209 de
598 2147 720 2228 virgine
735 2144 928 2212 dictumest:
956 2147 1069 2215 Gloria
1083 2154 1122 2217 in
1141 2158 1244 2219 excel-

132 2256 174 2319 tis
190 2254 261 2318 Deo
276 2265 309 2317 et
325 2255 360 2314 in
373 2262 457 2313 terra
468 2270 544 2336 pax.
588 2247 795 2313 Concorditer
809 2261 917 2313 autem
932 2262 966 2313 et
979 2251 1014 2313 in
1029 2257 1245 2341 praesentitur

133 2354 256 2419 dictum
278 2356 340 2431 est,
369 2352 461 2437 quia,
490 2370 563 2413 cum
583 2351 797 2414 resurrexisset
818 2370 837 2412 a
856 2353 993 2417 mortuis
1011 2367 1046 2416 et
1067 2355 1197 2422 sederet
1215 2360 1246 2421 in

133 2453 266 2518 dextera
283 2454 319 2514 in
337 2453 485 2528 excelsis,
510 2432 671 2536 prosectu's
688 2450 722 2513 in
739 2452 879 2532 coelum,
907 2454 1039 2534 subjecti
1054 2458 1131 2521 sunt
1148 2461 1246 2542 angeli

48 2617 61 2637 ,
132 2555 181 2634 ei,
210 2555 381 2641 potestates
402 2561 496 2636 atque
516 2550 661 2614 virtutes.
710 2550 800 2615 Sicut
812 2554 899 2617 enim
912 2555 1064 2619 homines
1076 2560 1248 2625 obstinen-

131 2666 181 2719 tes
200 2678 219 2718 a
236 2654 373 2741 peccatis
389 2651 518 2730 subjecti
535 2651 620 2726 sunt,
643 2652 686 2713 ita
705 2665 738 2715 et
751 2655 910 2740 superlore
926 2657 1098 2720 rationalia
1111 2676 1247 2727 correcta

129 2755 313 2843 spontaneis
330 2752 447 2838 culpis,
475 2771 557 2836 quae
580 2751 715 2838 [quasi]
738 2754 868 2817 forsitan
889 2757 1090 2839 habuerunt,
1124 2764 1156 2824 ei
1174 2766 1247 2827 snb-

128 2859 213 2940 jecta
230 2853 508 2938 sunt„c01npleta
528 2850 761 2940 dispensatione
779 2856 887 2919 habita
909 2880 967 2944 pro
988 2860 1091 2924 salute
1112 2880 1247 2929 cuncto-

129 2977 212 3020 rum.
261 2956 410 3019 I‘osfibile
428 2956 474 3015 est
494 2964 601 3015 autem
619 2955 742 3040 aliquos
760 2954 944 3035 hujusmodi
964 2959 1154 3043 spontaneis
1172 2968 1246 3054 pat.

128 3056 225 3119 fionie
240 3056 460 3117 voluntatibus
481 3055 677 3117 abstinentes
697 3052 818 3133 dicere,
845 3056 918 3140 quia
935 3077 1000 3119 non
1017 3067 1157 3130 omnino
1170 3090 1246 3133 nru-

128 3155 208 3218 tatio
222 3155 306 3217 facta
317 3156 509 3237 significatur
520 3155 716 3218 subditorum
730 3157 916 3219 animalium
927 3160 1182 3248 supernorum„

210 3253 361 3321 Jarnvero
394 3277 477 3342 opus
503 3252 618 3318 Christi
647 3254 791 3341 prodesse
823 3257 916 3320 nobie
949 3263 1081 3347 aequit,
1125 3269 1186 3335 niti
1212 3270 1241 3336 ei

127 3354 256 3421 fidem
295 3356 471 3419 habeamus
509 3354 675 3440 piisque
716 3358 911 3445 operibus
955 3382 1032 3427 eura
1063 3367 1236 3435 imitemur.

127 3452 278 3544 Παρέχιι
304 3457 476 3536 (Christus)
505 3442 629 3541 ἷίφισιι
653 3445 826 3543 ἁμαρτιῶν
849 3462 921 3538 τοῖς
947 3457 1171 3533 πιστεύουσιν
1193 3469 1237 3555 τῷ

127 3551 387 3641 desponsationi
406 3555 462 3637 (de
483 3568 521 3618 tr.
536 3554 562 3634 Ι,
579 3571 630 3635 29,
649 3570 706 3639 89;
737 3561 776 3623 cf.
791 3560 833 3640 ll,
851 3569 900 3642 14,
918 3572 1001 3646 2743
1028 3564 1091 3646 ΙΠ,
1108 3582 1137 3650 1,
1152 3575 1234 3651 316).

125 3659 229 3725 ”Vita
246 3674 375 3723 aeterno
394 3679 437 3721 ex
451 3655 516 3721 fide
530 3658 694 3739 salvatoris
708 3670 802 3746 atque
815 3663 932 3727 virtute
948 3679 1123 3746 generatur
1130 3719 1150 3750 „
1165 3670 1235 3751 (En.

125 3758 161 3822 in
177 3761 276 3826 rtoh.
287 3760 346 3825 111.
368 3782 400 3845 p.
419 3770 490 3824 331.
512 3756 581 3838 D.>.
624 3758 863 3840 ”Cogitandum
879 3767 943 3846 est,
968 3776 1005 3829 ut
1017 3766 1102 3832 sides
1115 3768 1235 3835 nabai-

125 3871 179 3922 tnr
193 3882 265 3923 cum
278 3862 427 3947 operibus
439 3861 556 3923 virtute
569 3856 689 3941 dignis,
712 3871 823 3925 utnon
836 3877 978 3941 mortua,
1000 3866 1054 3931 sed
1067 3872 1145 3935 riva
1159 3895 1234 3941 con·

124 3962 218 4024 sistat.
266 3960 349 4025 Nam
369 3972 402 4022 et
412 3963 475 4046 {qui
492 3961 589 4022 habet
608 3962 874 4047 carptusanlrnale
891 3989 957 4030 non
974 3984 1157 4055 mortuum,
1177 3972 1232 4053 ised
1270 4020 1277 4039 .

123 4060 254 4140 vivida,
284 4057 366 4123 illud
384 4081 441 4145 per
453 4061 634 4125 societatem
648 4063 775 4148 spiritus
793 4069 863 4129 vult
875 4068 1005 4134 habere.
1048 4072 1230 4137 Notandum

123 4159 257 4243 scilieet,
284 4161 450 4252 quinarum
464 4160 546 4229 fider
562 4175 689 4229 mortua
707 4166 747 4232 lit
762 4177 890 4254 praeter
905 4190 1020 4258 opera,
1045 4176 1119 4281 jam
1129 4192 1229 4261 nsque
