2572 4770
14 58 21 101 l

63 142 68 173 Ι
109 172 119 191 P

156 239 227 304 108
465 228 560 321 Cap.
586 230 656 299 111.
706 226 936 320 Dogmati'ca.

59 424 85 461 -·
150 403 330 496 χαρίζεταί
350 430 386 473 τε
406 398 427 496 ἢ
448 400 602 494 ἑλληνικῆ
625 401 770 496 ἀλήθεια
778 407 847 494 ’τῆς
860 399 941 468 καθ’
958 396 1046 490 ἡμᾶς
1051 450 1061 482 ,
1084 401 1117 470 εί
1129 400 1263 469 καὶτοῦ

151 502 256 573 αὐτοῦ
266 505 465 594 μετείληφεν
478 501 655 589 ὀνόματος,
684 508 741 572 καὶ
757 504 895 593 μεγέθει
907 501 1073 592 γνώσεως,
1097 506 1155 569 καὶ
1169 496 1267 569 ιἰτιο-β

151 605 255 685 δείξει
274 608 478 697 κυριωτέρα,
513 609 569 672 καί
588 605 670 696 θείᾳ
691 603 847 690 δυνάμει,
875 609 932 671 κατ’
954 610 1024 682 τοῖς
1048 600 1197 688 ὁμοίοις,
1224 628 1260 666 ac

150 711 322 797 sapientiae
351 713 535 774 christianae
557 712 703 774 ancillam
726 713 788 774 esse
812 710 886 774 dicit
915 712 1090 773 humanam
1113 709 1260 794 philoso-

150 813 262 898 phiam
276 814 318 876 ib.
334 834 360 875 c.
375 824 403 878 5.
429 834 461 898 Ρ.
480 823 539 877 ste
560 806 673 895 (κυρία
695 803 715 895 ἡ
737 807 844 896 σοφία
860 812 918 896 τῆς
933 804 1156 896 φιλοσοφίας)
1176 811 1258 872 alle-

150 915 302 1001 goriaqua
317 915 377 976 hoc
391 912 511 975 dictutu
526 913 665 977 illustrat.
707 912 815 991 Nunc,
836 916 880 975 ait
895 914 1022 976 Coliort.
1038 937 1063 976 c.
1083 926 1131 977 11.
1155 934 1187 996 Ρ.
1207 925 1257 990 86,

53 1054 58 1065 ι-
148 1037 252 1097 „cum
273 1017 375 1105 ipsum
388 1015 534 1078 Verbum
549 1011 588 1075 ad
611 1034 671 1076 nos
683 1017 808 1095 venerit
822 1015 970 1092 coelitus,
998 1036 1065 1076 non
1079 1015 1150 1074 sunt
1164 1015 1271 1095 nobis,

148 1118 287 1202 amplius
304 1113 556 1200 frequentandae
577 1116 747 1179 hominum
768 1120 910 1196 scholae,
939 1138 997 1179 nec
1012 1116 1162 1178 Athenae
1173 1112 1257 1178 retia

149 1240 254 1305 quava
274 1217 420 1293 Graecia,
453 1228 508 1275 aut
533 1216 631 1280 etiam
652 1217 742 1281 Ionia
768 1218 942 1280 studiorum
967 1220 1056 1280 causa
1075 1216 1253 1283 adeundae.

147 1318 232 1385 Nam
250 1320 350 1380 sihoc
369 1329 497 1379 utantur
514 1318 679 1397 magistro,
706 1320 760 1405 qui
779 1322 892 1382 sanctis
907 1321 1093 1398 virtutibus,
1116 1320 1254 1404 opificio,

56 1417 58 1421 ’
147 1421 264 1496 salute,
282 1420 453 1497 beneficio,
476 1420 692 1499 legislatione,
723 1420 889 1499 vaticinio,
918 1419 1061 1481 doctrina
1080 1423 1255 1507 complevit

147 1521 273 1584 omnia:
303 1522 390 1583 nulla
409 1525 454 1582 est
478 1519 639 1600 doctrina,
665 1521 810 1606 quamia
825 1543 891 1583 non
908 1518 1018 1596 tradit,
1039 1520 1162 1606 ipsique
1178 1525 1255 1584 uni-

146 1623 256 1684 versus
271 1625 336 1699 jain
357 1622 443 1684 orbis
463 1634 617 1684 terrarum
632 1621 781 1683 Athenae
801 1633 895 1706 atque
911 1618 1042 1684 Graecia
1059 1622 1163 1684 sactus
1175 1625 1254 1684 ·ess’'

147 1725 209 1801 (est
229 1724 333 1802 enim,
363 1723 459 1786 uitib.
477 1746 503 1789 c.
518 1737 601 1810 exp.
618 1736 674 1800 72,
706 1713 724 1786 ὃ
745 1712 843 1804 λόγος
863 1720 936 1804 φῶς
954 1713 1080 1795 κοινὸν,
1103 1715 1253 1805 δαιλιίμ-

129 1830 207 1889 ’πει
219 1824 323 1888 πᾶσιν
336 1814 556 1908 ἀνθρώποις).
591 1822 727 1887 Accedit
741 1844 791 1886 res
804 1823 971 1902 gravissimi
984 1825 1151 1902 momenti,
1166 1827 1254 1911 quod

144 1924 277 2013 quidem
290 1925 459 2004 Clemens,
479 1926 519 2003 sl,
542 1923 627 2010 quod
645 1925 817 2010 saepissnne
832 1925 884 1999 sit,
912 1923 1053 1986 Platonis
1075 1922 1251 1991 doctrinam

65 2050 71 2061 ·
125 2024 273 2107 =laudat,
301 2047 366 2090 non
380 2047 451 2088 eam
465 2025 574 2088 laudat
590 2048 647 2112 per
661 2029 710 2104 se,
736 2025 790 2089 sed
809 2036 975 2110 propterea
997 2022 1094 2108 quod.
1106 2046 1149 2089 ex
1173 2030 1250 2091 scri-

142 2140 237 2217 ptura
251 2132 336 2193 sacra
350 2130 409 2205 (ex
422 2128 478 2189 illa
493 2126 622 2212 quidem
636 2132 664 2205 ej
670 2151 705 2191 us
716 2128 860 2190 versione
872 2146 1000 2205 graeca,
1025 2147 1121 2210 apuam
1136 2164 1180 2177 --
1199 2131 1251 2192 se*
1267 2166 1272 2173 ·

143 2229 285 2293 cundum
305 2227 503 2316 probabilem
521 2229 710 2290 sententiam
723 2227 799 2290 Aris
800 2226 956 2289 tobuli-
982 2229 1046 2304 jam
1065 2239 1141 2290 ante
1162 2230 1249 2292 Ale

141 2328 334 2391 xandrinain
356 2328 503 2391 exstitisse
522 2329 673 2406 fignificat
692 2326 840 2390 Clemens
863 2328 923 2390 Str.
941 2327 968 2406 Ι,
989 2342 1040 2406 22,
1059 2335 1138 2409 stt)
1156 2330 1246 2396 Plato

141 2447 272 2491 omnem
293 2432 381 2492 suain
400 2432 586 2515 sapientiam
606 2431 786 2506 hauserit(
771 2417 805 2506 (o
828 2420 882 2503 ἐξ
884 2423 1039 2514 Εβραίοιν
1056 2425 1247 2519 φιλόσοφος

65 2513 84 2531 ‘
140 2518 285 2590 mactet
297 2528 394 2609 StrI
412 2546 440 2608 1,
457 2536 544 2610 321).
579 2531 630 2594 Sic
644 2531 729 2592 vitae
743 2531 960 2613 patmortem
973 2534 1070 2610 Justos
1081 2539 1245 2601 mansurae

139 2631 228 2716 spem
249 2650 267 2691 e
284 2630 372 2693 libris
389 2634 482 2695 sacris
495 2635 714 2694 Hebraeorum
725 2630 815 2694 Plato
834 2633 994 2717 sumpsisse
1011 2631 1125 2697 dicitnr
1141 2635 1203 2700 Str.
1219 2637 1244 2717 l,

107 2741 121 2815 ᾗ
140 2745 192 2811 19,
209 2743 287 2808 3733
318 2727 354 2796 ἐκ
373 2732 438 2795 τῶν
448 2728 662 2807 armaturea
676 2731 756 2815 περὶ
769 2724 828 2816 esp
839 2728 1042 2812 νομοθεσίαν
1055 2726 1246 2823 ὠφεληθεὶς

137 2835 322 2899 nuntiantur
337 2835 380 2897 ib.
398 2856 423 2897 c.
439 2848 490 2900 25.
512 2857 544 2919 p.
560 2840 640 2911 4193
667 2831 781 2894 mundi
803 2835 1012 2913 creationem,
1042 2837 1089 2898 uti
1113 2859 1132 2900 a
1156 2838 1243 2902 Mose

136 2956 210 2999 eam
232 2946 411 3019 acceperat,
443 2938 545 2997 fertur
561 2933 722 2996 tradidisse
742 2932 804 2995 Str.
827 2935 869 3013 V,
886 2942 933 3011 14,
948 2947 1025 3014 701,
1051 2950 1148 3024 atque
1166 2939 1241 3003 ibid.

19 3086 23 3091 -
133 3057 167 3120 Ρ.
185 3048 244 3101 710
259 3037 356 3097 ctiam
371 3034 412 3098 de
425 3047 533 3122 patre,
561 3037 628 3097 silio
642 3049 675 3097 et
688 3035 796 3120 spiritu
814 3039 919 3097 sancto
937 3037 1077 3101 Platonis
1093 3041 1242 3125 qualem-

121 3158 258 3223 cunque
281 3135 456 3199 doctrinam
474 3139 611 3225 hebraeo
628 3157 671 3213 eir
682 3139 772 3197 fonte
788 3135 937 3199 Clemens
953 3135 1086 3202 derivat.
1129 3138 1241 3227 Neque

133 3259 211 3303 vem
233 3241 321 3303 l‘lato
342 3240 459 3316 solum,
492 3237 547 3303 sed
568 3239 713 3300 universe
736 3237 837 3316 graeci
855 3237 1035 3323 philosophi
1054 3240 1241 3326 sapientiam

40 3350 46 3361 “
131 3340 221 3417 suain
239 3362 281 3402 ex
301 3343 322 3407 s.
343 3343 365 3403 s.
389 3342 522 3403 hausisse
540 3344 684 3402 seruntur
709 3341 869 3418 (omnium
891 3342 978 3401 anim
1000 3342 1241 3405 vetustissimam

131 3445 195 3529 asse
215 3443 434 3505 Hebraeorum
462 3442 694 3528 philosophiam
726 3441 770 3502 ait
790 3438 937 3504 Cleme'ns
957 3440 1016 3504 Str.
1039 3441 1066 3520 Ι,
1087 3456 1140 3521 21,
1162 3450 1238 3523 378)

129 3544 375 3623 saltariae
397 3534 522 3621 (πάντα
545 3537 654 3606 τοίνυν
669 3536 712 3603 τὰ
731 3540 957 3626 προειρημένα
976 3533 1134 3626 φαίνεται
1146 3540 1240 3629 παρὰ

129 3641 289 3720 Μωσέως
307 3641 368 3709 τοῦ
387 3634 534 3726 μεγάλου
555 3639 613 3707 ἐπὶ
641 3634 889 3726 τούςἛλληνας
909 3633 1136 3706 διαδεδόσθαι
1156 3636 1237 3728 δόγ-

126 3753 233 3830 ματα)
253 3761 286 3810 et
304 3748 346 3810 ib.
362 3766 389 3808 c.
406 3756 453 3810 18.
475 3767 507 3829 Ρ.
525 3751 585 3809 469
607 3743 782 3821 („Clarum
797 3744 842 3804 est
857 3763 948 3822 ergo,
977 3762 1090 3806 omnes
1109 3764 1236 3828 quoque

126 3849 208 3913 alias
236 3848 386 3923 virtutes,
423 3866 504 3930 quaa
532 3845 661 3929 scriptae
689 3846 760 3906 sunt
779 3841 864 3929 apud
889 3842 1029 3920 Molem,
1057 3843 1236 3927 praebuisse

128 3948 258 4017 Graecis
280 3947 471 4035 principium
488 3947 585 4008 totius
604 3947 666 4008 loci
685 3945 831 4024 moralis,
864 3944 1089 4007 fortitudinem
1113 3942 1184 4008 dico
1203 3956 1235 4007 et

126 4050 378 4134 temperantiam,
395 4060 427 4110 et
439 4046 639 4134 prudentiam
654 4060 686 4110 et
698 4045 847 4143 justitiam
862 4058 894 4107 et
907 4045 1110 4108 tolerantiam
1125 4046 1233 4122 etiam,

125 4161 159 4213 at
178 4153 365 4237 patientiam
381 4162 414 4217 et
428 4148 538 4215 modes
523 4150 613 4213 stiam
627 4161 660 4212 et
674 4148 871 4213 honestatem
887 4159 919 4211 et
933 4147 1178 4225 continentiam,
1199 4158 1235 4209 at
