2572 4770
56 273 239 370 Atbemg.
255 275 666 386 (Aulluop.,Escltatol.,·
679 280 862 383 Apolog.)
888 292 1064 395 Paulam·
1093 302 1164 369 105
1183 248 1189 279 ΙΙ
1213 328 1222 361 ι

56 453 253 537 videntium,
286 474 354 525 tum
374 465 522 541 justitiam
542 463 604 530 Dei
625 469 712 553 (quia
732 472 854 557 semper
872 483 958 536 totus
971 475 1068 536 homo
1084 484 1166 556 agat,

55 558 167 620 anima
186 571 219 621 et
239 583 368 646 corpus,
397 562 534 651 ideoque
556 578 640 629 totus
661 570 758 631 homo
782 572 907 651 judicio·
921 578 1087 639 obnoxius·
1102 578 1165 661 sit),

56 674 93 747 et
112 665 305 749 postremum
324 667 481 727 summum
500 669 772 734 bonumhominls
786 676 838 735 seu
855 674 927 735 finis
941 676 1089 756 ultimus,
1112 664 1166 764 qui

55 761 96 825 in
113 765 171 827 hac
182 765 244 827 vita
259 786 323 826 non
338 769 523 852 reperiatur.
937 777 947 793 ⁸

144 864 327 952 Antequam
341 865 552 947 dogmaticam
566 870 791 953 Athenagorae
805 874 1038 959 relinquamus,
1065 899 1165 963 pauca

445 983 485 1046 de
504 988 783 1072 Apologetioa
827 1036 830 1045 .

54 1094 156 1183 ipsius
174 1093 368 1176 adjiciemus.
422 1099 524 1185 Τρία,
552 1108 634 1190 apol.
650 1129 675 1169 c.
692 1115 720 1172 4.
744 1127 776 1191 p.
794 1117 830 1172 15
848 1105 908 1185 ait,
936 1102 1165 1193 ἐπιφημίζον-

55 1217 114 1261 σιν
128 1187 206 1284 ἡμῖν
220 1193 424 1287 ἐγκλήματα,
449 1196 636 1289 ἀθεότητα,
669 1205 833 1270 &usonem
852 1204 983 1284 δεῖπνα,
1016 1205 1165 1279 otomo-
1181 1201 1188 1280 .'

56 1295 172 1374 δείους
182 1296 299 1380 μίξεις.
352 1301 477 1380 Quibus
492 1326 509 1366 a
524 1308 706 1370 criminibus
721 1305 912 1370 Cluistiauos
926 1312 1030 1374 noster
1047 1312 1165 1378 desen-
1183 1326 1186 1339 ·

57 1399 115 1466 dit.
164 1401 309 1465 Primum
326 1403 422 1484 igitur
439 1426 495 1484 eo,
524 1406 609 1492 quod
627 1390 874 1472 Christianorum
893 1405 933 1470 de
947 1409 1018 1472 Deo
1036 1415 1164 1480 trinuno

55 1506 243 1592 naturisque
258 1503 374 1568 divinis
388 1509 558 1572 sententias
571 1511 703 1595 exponit
716 1510 909 1594 opponitque
921 1521 989 1571 tum
1004 1513 1079 1593 has,
1095 1529 1166 1583 turn
1214 1558 1218 1567 ·

57 1602 308 1670 Christianorum
330 1610 501 1671 castitatem
520 1611 686 1690 gentilium
700 1609 796 1671 variis
810 1620 841 1670 et
853 1608 973 1674 stolidis
988 1625 1019 1674 et
1033 1617 1165 1681 obscoe-

53 1707 109 1769 nis
128 1708 262 1787 sabulis,
295 1711 445 1772 atheismi
469 1712 587 1773 crimen
614 1722 768 1775 removet.
827 1709 999 1773 Rationem
1025 1711 1165 1791 demon-

54 1807 177 1870 strandi
199 1823 342 1873 accurate
362 1812 561 1896 breviterque
581 1810 739 1898 descripsit
752 1810 894 1888 Langius
910 1812 944 1872 iu
967 1818 1164 1897 praefatione

53 1907 100 1973 ad
114 1908 341 1992 Athenagorae
355 1912 604 1996 apologeticum,
636 1932 730 1997 quam
750 1912 896 1971 invenire
913 1911 986 1975 licet
999 1927 1071 1979 ante
1089 1918 1165 1983 edi-

54 2012 182 2075 tionem
200 2012 260 2076 Ed.
277 2012 436 2074 Dechairi.
497 2012 595 2077 Porro
614 2032 632 2073 a
654 2013 755 2096 capite
769 2024 819 2075 27.
848 2033 878 2095 p.
900 2022 957 2077 123
971 2016 1035 2099 sqq.
1056 2030 1164 2082 contra

54 2112 224 2176 infamiam
243 2114 472 2194 Thyestearum
496 2110 627 2197 dapium
646 2124 678 2173 et
694 2111 862 2196 promiscui
882 2114 1064 2176 concubitus
1080 2120 1167 2197 objL

43 2215 99 2278 ·cit
110 2216 267 2278 rationem
282 2216 389 2294 illam,
411 2214 560 2303 permissu
569 2211 632 2275 Dei
645 2214 767 2298 semper
779 2213 813 2273 iu
827 2213 920 2275 rebus
933 2214 1082 2278 humanis
1095 2220 1167 2282 vir·-

54 2315 118 2378 tuti
138 2314 333 2379 adversatam
354 2318 417 2379 esse
431 2317 652 2393 vitiositatem,
680 2315 847 2396 adjiciens,
874 2315 1057 2380 hominibus
1074 2320 1165 2385 bouis

54 2426 90 2481 et
104 2416 327 2483 innocentibus
343 2441 506 2505 nunquam
523 2416 765 2479 obtrectationes
786 2415 934 2478 confictas
952 2417 1110 2498 nocuisse,
1133 2432 1167 2484 et

56 2517 190 2582 crimina
204 2519 270 2603 ipsa
285 2520 320 2581 in
333 2518 528 2582 adversarios
543 2531 575 2582 et
590 2516 667 2582 deos
683 2505 794 2581 eorum
813 2527 983 2603 retorquet.
1032 2517 1167 2585 Adver-

55 2624 109 2685 sus
129 2640 168 2682 ea
185 2616 381 2705 disciplinam
396 2621 644 2686 Christianorum
664 2620 814 2705 vitaeque
834 2618 869 2679 in
891 2619 1006 2681 timore
1019 2617 1081 2683 Dei
1104 2620 1168 2685 da·-

56 2718 182 2803 gendae
195 2722 409 2801 sanctitatem,
425 2719 612 2807 pudicitiam
628 2723 845 2806 conjugalem,
867 2719 1097 2800 virginitatem,
1112 2724 1167 2785 vi·-
1252 2736 1256 2744 '

57 2822 237 2900 duitatem,
265 2823 436 2907 spiritalem
449 2823 531 2886 inter
547 2824 577 2885 se
589 2819 864 2898 necessitudinem,
880 2821 1080 2882 tolerantiam
1093 2832 1169 2895 rna·-¹

56 2925 181 3001 lorum,
205 2944 224 2985 a
237 2921 342 2985 caedis
358 2944 485 3007 quoque
498 2922 597 3002 justae
613 2922 797 3006 conspectu,
817 2919 938 2985 nedum
952 2941 969 2980 a
983 2919 1078 2983 caede
1090 2922 1169 3006 ipsa,
1196 2988 1199 2997 ,

31 3064 34 3069 ‚
57 3022 260 3112 proindeque
282 3025 320 3085 ab
340 3024 553 3085 humanarum
570 3022 711 3083 carnium
725 3026 776 3085 osu
792 3022 1035 3101 abstinentiam,
1060 3024 1169 3086 resur-

57 3125 210 3189 rectionis
222 3126 349 3187 futurae
365 3124 633 3210 exspectationem
649 3135 681 3186 et
691 3122 801 3203 judicii
817 3123 955 3209 supremi
967 3135 1090 3185 metum
1104 3144 1169 3211 op-
1252 3120 1257 3132 ’

57 3225 161 3314 ponit.
216 3222 423 3310 Quantopere
454 3235 561 3286 autem
588 3221 717 3305 ordine,
754 3224 954 3310 eloquentia,
994 3227 1167 3303 venustate,

58 3310 290 3414 tranquillitate
303 3326 400 3387 nostri
413 3325 559 3410 apologia
574 3326 727 3406 excellat,
752 3329 818 3404 jam
832 3325 1055 3389 Tzsolrirnerus
1075 3324 1107 3389 S.
1124 3323 1166 3389 V.

59 3424 286 3492 animadvertit
301 3423 412 3491 Gesch.
427 3424 815 3512 d.ApotogertkT0m.1.
836 3449 868 3512 p.
885 3433 958 3493 atr.

468 3602 787 3690 rauraauuss
854 3606 864 3621 ⁴

505 3765 729 3847 Tlteologiu.

146 3882 236 3948 Nihil
249 3879 341 3944 nobis
356 3878 448 3963 licet,
461 3881 726 3944 uilil‘antaenum
739 3879 856 3968 (quiin
872 3878 1014 3944 doctrina
1029 3873 1069 3938 de
1083 3874 1171 3955 gueli

62 4003 139 4048 eum
155 3983 320 4048 Clemente
334 3981 487 4068 discipulo
501 3980 808 4065 videtur'stutuisle„
820 3981 855 4045 id
868 3978 954 4069 quod
970 4000 1012 4042 ex
1028 3998 1067 4039 eo
1081 3978 1173 4041 veri-

62 4084 167 4149 simile
185 4086 241 4164 lit,
267 4082 353 4170 quod
373 4084 521 4189 Clqtqens
541 4081 659 4147 Strom.
672 4085 728 4147 lib.
747 4084 773 4149 l.
796 4108 821 4147 c.
836 4083 861 4147 I.
883 4106 914 4167 p.
931 4090 991 4147 828
1010 4078 1175 4161 gloriatur,

63 4184 95 4251 se
109 4207 136 4250 e
144 4185 403 4275 praeceptoribus
411 4233 421 4270 ,
449 4206 587 4271 quorum
601 4233 621 4269 „
629 4186 836 4276 praecipuruu
849 4194 882 4246 et
894 4183 1044 4249 ultimum
1052 4183 1071 4218 ’³
1084 4181 1176 4263 Pu„
1216 4204 1220 4211 ·
