2572 4770
22 215 97 284 coe
160 208 163 213 ·
342 205 430 299 cap.
456 205 528 278 ιιι.
583 200 814 325 nomena.
864 155 910 287 f

15 406 127 477 qroena
136 394 204 452 toa
217 384 413 452 daemonum
427 386 575 464 naturae,
596 383 844 472 quamhumano
857 376 968 465 generi
979 389 1125 470 peomn-

16 500 129 553 torum
143 509 162 549 a
176 485 308 551 domino
319 487 487 575 praefinita
499 486 538 550 ttt
548 484 622 565 illa,
647 502 744 572 quam
759 479 912 546 dominun
929 483 987 547 tua
1001 483 1128 547 lentan-

22 588 68 652 tia
88 585 264 668 deliguavit
283 586 409 652 diaeum
447 585 498 652 Ite
522 587 558 649 ln
582 585 692 667 ignem
709 595 893 663 oeternum,
928 582 986 670 qui
1005 593 1128 669 paratur

22 688 69 750 eit
81 684 209 751 diabolo
227 698 261 752 et
272 686 393 770 angelis
404 690 492 769 cjue3
519 682 774 770 osteodena'quia
788 681 904 747 eadem
916 682 1038 769 lpeoiaa'
1048 703 1130 769 poe·

22 807 138 852 narum
151 782 368 874 pec’catoclbue
380 786 564 850 hominibus
578 795 612 849 et
625 781 752 849 diabolo
769 793 804 846 et
818 784 941 864 nugalia
951 786 1024 865 eiua
1037 804 1131 871 prae·

22 900 132 974 parata
151 890 207 969 lit,
232 889 308 967 licet
324 887 359 951 iu
378 885 493 951 eadem
512 906 616 974 poena
635 882 759 947 diverie
772 883 811 946 iit
825 884 987 971 quantitas
999 904 1130 971 poenae

22 986 121 1054 Allua
140 989 228 1053 enim
242 989 371 1072 gravius
384 1007 420 1050 ac
433 985 656 1050 vehementius
671 984 827 1049 cruciatur
839 1006 898 1071 pro
911 972 1132 1069 magnitudine

24 1100 243 1173 peccatorum,
271 1088 353 1150 aliua
373 1099 482 1165 autern
498 1087 673 1166 remiffiua,
700 1087 789 1164 cujus
806 1084 930 1148 leviora
945 1097 979 1149 et
991 1086 1133 1152 faciliora

22 1190 276 1273 peecatorum„
315 1186 441 1252 Omnes
453 1196 562 1250 autem
571 1203 696 1274 poenae
713 1185 785 1249 iuot
798 1183 964 1252 terribiles.
1002 1186 1133 1252 ”Unuc-

22 1287 162 1376 quisque
183 1299 384 1376 peccatorum
402 1287 508 1368 (tetri.
525 1285 568 1366 L,
592 1291 647 1369 11)
667 1286 832 1351 tammum
850 1286 908 1350 tibi
925 1286 996 1373 ipl'e
1014 1286 1135 1374 proprii

23 1385 110 1468 ignia
122 1386 266 1453 accendit
282 1386 339 1469 (de
353 1388 452 1474 princ.
465 1384 509 1465 11,
529 1399 578 1466 10,
592 1391 624 1453 t.
645 1409 677 1473 p.
695 1390 789 1470 102)3
814 1398 847 1450 et
865 1408 933 1450 non
945 1387 981 1450 in
995 1387 1135 1474 aliquam

23 1485 151 1569 ignem,
180 1488 237 1574 qui
254 1490 349 1552 antea
369 1491 435 1568 jam
447 1486 545 1551 fuerit
561 1488 708 1551 accensus
727 1487 768 1550 ob
785 1485 848 1550 alio
866 1486 921 1550 vel
936 1496 1015 1550 ente
1032 1486 1135 1574 ipiuut

20 1586 212 1666 iubltiterit,
233 1586 436 1669 demergitur.
481 1585 580 1668 Cujua
590 1588 674 1670 ignia
688 1586 820 1651 materia
834 1596 930 1674 atque
945 1587 1016 1650 oica
1033 1591 1136 1654 nostra

23 1687 98 1753 tunt
117 1699 261 1772 peccata,
288 1708 372 1775 quae
396 1703 412 1763 ι
431 1687 503 1757 cor.
522 1686 582 1768 111,
604 1701 642 1756 12
660 1689 749 1771 ligna
765 1699 798 1751 et
816 1689 950 1751 foenum
970 1697 1006 1750 et
1024 1690 1137 1777 inputa

24 1786 263 1869 nominantdt„
278 1788 402 1871 (”igoie
418 1787 475 1852 ille
485 1789 613 1853 fortasse
626 1790 700 1854 talia
712 1788 901 1854 substantiae
913 1788 976 1867 eit,
996 1799 1035 1851 ut
1048 1790 1137 1854 inri-

25 1887 130 1955 fibilie
149 1892 315 1955 comburat
335 1890 401 1976 ipse
425 1888 593 1954 invilllrilia
614 1891 832 1971 contriturus„
855 1887 981 1954 comm.
1000 1887 1077 1968 Ser.
1102 1892 1136 1956 in

25 1978 143 2061 dittth.
166 1995 191 2078 t.
207 2004 259 2059 72.
279 1991 345 2056 vot
358 1988 418 2071 111,
439 1993 525 2072 889).
567 1987 768 2072 ”Quomodo
787 1990 882 2071 (haec
897 1989 967 2055 iere
983 1991 1084 2056 habet
1098 1990 1138 2059 t·

25 2092 128 2181 prino.
148 2092 206 2159 l.l,
227 2098 252 2180 ξ.
266 2098 285 2159 t
298 2093 363 2180 sqq.
383 2113 416 2178 p.
433 2102 503 2158 102.
524 2093 600 2173 toa)
618 2090 654 2154 in
672 2110 802 2179 corpore
820 2090 920 2155 febrit
937 2092 993 2158 rel
1006 2095 1137 2159 morbae

24 2194 183 2274 nascitur,
210 2193 256 2258 ita
274 2193 383 2257 noima
399 2213 473 2256 cum
485 2190 725 2257 multitudinem
737 2192 897 2257 malorum
910 2211 1049 2277 operum
1059 2188 1138 2258 in'la

27 2296 286 2376 congregaverit,
313 2292 509 2381 competenti
527 2302 672 2378 tempore
693 2293 800 2358 omnia
815 2293 872 2357 ille
882 2296 1045 2358 melorum
1059 2318 1139 2361 con-

27 2396 170 2477 gregatio
182 2393 356 2457 effervescit
374 2390 415 2455 ad
429 2393 634 2480 supplicium
651 2442 660 2460 .
677 2441 686 2460 .
709 2415 782 2457 cum
795 2413 888 2457 mena
903 2394 971 2481 ipse
984 2398 1046 2468 rel
1059 2420 1139 2463 con·-

25 2495 158 2562 lcieotie
176 2516 235 2580 per
253 2491 398 2555 divinam
415 2493 569 2556 virtutem
588 2494 697 2559 omnia
712 2494 748 2557 in
768 2493 958 2558 memoriam
969 2497 1140 2584 recipiam,

28 2606 64 2659 et
73 2595 238 2659 historiam
253 2591 413 2679 quendem
423 2594 575 2656 scelerum
587 2597 716 2657 luorum
727 2607 802 2659 ante
815 2595 1058 2663 oculoavidebit
1071 2602 1141 2682 (ri-

30 2692 129 2775 derit)
147 2694 339 2782 expolitam
367 2706 443 2758 tunc
456 2695 525 2781 ipio
537 2694 723 2759 conscientie
734 2696 871 2783 propriis
887 2697 1024 2763 stimulis
1036 2701 1142 2782 egita-

30 2807 101 2877 tor,
124 2843 132 2864 .
153 2842 162 2860 .
187 2796 293 2859 noxiis
310 2794 474 2861 effectibus
490 2794 661 2877 cruciatur,
684 2796 769 2877 irae,
790 2797 924 2878 iocoue,
950 2798 1093 2865 inluniae
1106 2847 1140 2870 ..

29 2915 170 2983 quorum
189 2894 390 2987 mortiferum
404 2894 494 2961 airua
507 2897 598 2961 nullo
612 2897 648 2961 in
666 2899 726 2961 hac
737 2899 805 2961 vita
818 2897 1143 2969 emendationia'ma·

31 2993 212 3058 dicemento
231 2995 411 3076 mitigatum
430 2997 493 3078 eit3
518 3017 583 3084 quo
599 3008 707 3063 eutem
726 2999 823 3062 etiam
837 3000 900 3062 alia
912 3003 1143 3089 suppliciorum

30 3095 152 3183 [pecias
171 3096 305 3181 spectate
341 3119 415 3160 cum
441 3098 550 3161 anima
574 3110 665 3162 extra
685 3097 848 3180 ordinem,
881 3107 1143 3190 compagemvel

28 3196 250 3278 harmoniam,
281 3220 345 3284 qua
361 3197 403 3263 ad
423 3202 508 3262 bene
528 3195 689 3281 agendum
706 3212 740 3263 et
758 3200 880 3265 utiliter
900 3202 1103 3271 sentiendum
1123 3227 1144 3272 a

30 3294 105 3366 Deo
126 3308 231 3361 creato
250 3298 311 3378 eit,
336 3301 435 3363 tuerit
455 3302 587 3364 invento
606 3350 616 3369 .
637 3351 646 3368 .
664 3320 803 3387 poenam
820 3302 1057 3391 cruciatumque
1076 3328 1145 3394 pu·

29 3396 131 3481 tanda
143 3399 189 3462 eit
200 3397 314 3461 iuimet
330 3400 428 3487 ipliua
442 3403 527 3465 ferre
545 3399 660 3465 diffidit
674 3414 707 3465 et
722 3398 967 3469 inordinationis
979 3408 1055 3470 iane
1065 3411 1145 3472 ien-

29 3500 95 3563 tire
116 3499 344 3586 supplicium„
392 3501 560 3567 Praeterea
582 3500 676 3581 (Luc.
694 3500 772 3580 XII,
794 3507 851 3587 lt)
866 3504 998 3591 ¹ipiritus
1019 3510 1144 3574 sanctur

30 3598 86 3679 (id
103 3598 190 3687 quod
211 3598 327 3664 eodem
343 3601 414 3664 loco
435 3603 605 3683 legimus),
632 3601 738 3684 imago
754 3604 820 3669 Dei
837 3608 1033 3695 angelusque
1051 3620 1145 3673 tute·-

30 3700 111 3767 laria
133 3701 260 3764 homini
286 3700 473 3767 detrahitur.
529 3701 812 3789 ”Adiutoriumm
848 3709 951 3794 pergit
971 3712 1144 3796 postremo,

31 3801 143 3882 ”ignia
165 3803 271 3882 (delei.
286 3801 346 3882 IV,
365 3809 403 3883 43
432 3801 574 3884 XLVII,
592 3810 652 3886 143
680 3803 816 3871 Malech.
837 3806 897 3890 111,
916 3815 968 3893 8),
996 3824 1145 3877 extrema

33 3904 152 3983 caligo,
181 3926 248 3967 non
270 3918 336 3970 tam
357 3906 404 3969 eit
422 3903 496 3983 n'e‘r,
524 3926 621 3992 quam
633 3906 830 3988 ignorantiae
845 3900 1146 3979 tetrebria‘immerss

32 4016 126 4069 extre
146 4028 242 4072 omne
259 4004 490 4090 intelligentiae
508 4005 620 4070 lumen
638 4008 743 4072 effecti
763 4011 843 4073 lunt.
851 4056 874 4089 „
912 4009 955 4074 Et
972 4011 1025 4076 ”tt
1037 4013 1146 4077 irthao

34 4106 193 4193 praetenti
211 4111 277 4174 vita
294 4121 361 4177 tem
380 4109 596 4177 intolerabilea
614 4112 687 4176 lunt
704 4130 881 4199 poenorum
894 4108 1041 4197 dolores,
1066 4110 1145 4206 quil
